3000 4998
364 495 424 564 ist
680 489 1130 558 resononrs'currsrrsrs.
1266 487 1447 576 [turn.

360 667 514 750 exemplu
538 669 739 740 sanctornm,
761 667 819 748 qni
846 663 888 726 de
913 665 1019 726 solute
1045 667 1080 726 et
1094 663 1256 724 electione
1275 657 1336 722 end
1358 663 1451 734 certi,

359 773 473 816 omnes
496 773 547 815 res
569 758 707 826 orestus,
729 771 796 813 non
817 769 873 811 eos
901 769 995 830 posse
1017 751 1060 812 cb
1076 767 1188 810 umore
1204 747 1268 808 Dei
1285 763 1449 828 separare,

359 857 403 901 ne
429 845 567 902 mortem
585 838 728 920 quidem,
750 843 941 899 constanter
951 843 984 896 et
1000 837 1145 896 maximo
1159 851 1235 895 cum
1252 832 1451 895 conlidentitl

359 930 581 986 asseruerunt.
605 923 702 986 Rom.
717 924 783 984 viii.
800 924 853 985 38.

405 1007 449 1071 ll.
474 1009 577 1072 Vcrin
592 1013 702 1070 tomen
720 1009 773 1070 liic
788 1013 866 1068 sunt
881 1005 1050 1081 notendo3

368 1105 374 1118 ’
404 1093 529 1169 Preme,
551 1093 680 1156 fidelem
698 1113 764 1154 non
781 1111 911 1174 semper
926 1101 1052 1154 certum
1068 1109 1138 1152 esse
1151 1088 1193 1151 de
1205 1106 1266 1151 sun
1277 1089 1451 1162 electione,

360 1197 422 1242 nec
434 1179 604 1262 {equaliter
615 1179 751 1260 singulis
765 1179 939 1240 momentis
950 1185 1095 1252 eertum,
1111 1173 1279 1240 certitudo
1289 1175 1380 1238 euim
1396 1173 1449 1238 illn

359 1285 444 1347 supe
459 1266 693 1328 concutituriu
706 1283 817 1340 cruce,
839 1265 1111 1325 intentationum
1128 1263 1349 1342 paroxysmis,
1374 1261 1449 1322 hino

358 1349 504 1432 querulae
516 1370 615 1413 voces
629 1357 819 1413 sanctorum
834 1348 877 1410 od
892 1348 1015 1420 Deum,
1031 1348 1123 1429 quusi
1140 1365 1196 1408 eor
1207 1345 1304 1428 plene
1315 1344 1447 1408 desern-

360 1439 450 1510 isset,
472 1443 506 1498 et
522 1437 644 1498 dextra
660 1437 783 1498 exceln'
797 1437 928 1495 mittola
944 1438 1038 1496 creet.

404 1522 563 1596 Secundo,
584 1521 706 1583 multos
722 1523 754 1582 iu
771 1519 911 1582 ecclesie
926 1516 1159 1581 certitudinem
1176 1517 1262 1578 huuc
1283 1517 1371 1580 mule
1382 1519 1450 1600 juc-

360 1613 443 1680 tcre,
465 1621 499 1668 er
515 1623 670 1688 usurpare
692 1606 820 1668 fiducie
836 1623 945 1678 voces,
967 1603 1086 1685 quibus
1101 1601 1197 1674 valde
1211 1601 1304 1664 abuti
1323 1605 1450 1675 solent;

359 1691 449 1754 nude
465 1699 598 1775 preestut
612 1708 848 1773 nonuunquam
865 1692 1008 1770 gemitus
1027 1687 1144 1750 audire
1170 1689 1313 1770 lugentis
1335 1687 1450 1760 fidelis,

340 1780 458 1860 ·qudm
474 1778 666 1851 cachinnos,
688 1795 755 1839 non
779 1783 846 1838 tum
868 1773 933 1837 lide
954 1775 1054 1856 quim
1076 1775 1233 1854 opinione
1247 1773 1449 1846 exultantis3

359 1871 394 1928 et
409 1863 553 1945 sepelit,
569 1865 671 1946 utqui
686 1867 897 1944 presumunt,
913 1879 948 1922 se
963 1864 1050 1942 ipsos
1062 1858 1199 1936 sollunt3
1220 1861 1277 1940 qui
1292 1877 1371 1922 vero
1383 1879 1449 1922 sus·

358 1951 605 2032 pirnut‚etcum
617 1949 795 2031 publicano
804 1946 919 2010 oculos
929 1946 1081 2008 attollere
1093 1945 1314 2018 reformidant,
1322 1964 1391 2008 rem
1404 1953 1450 2008 tu·

359 2053 447 2108 meu,
458 2052 555 2116 quom
567 2054 634 2096 non
643 2036 802 2108 sentiunt,
812 2031 969 2094 habeant:
984 2029 1150 2112 alii,quod
1160 2035 1318 2112 putentse
1328 2029 1452 2093 hebere

358 2115 1451 2200 vcudprmsumptiouesibiposteueripisentiuutjustoDeijudicio.

365 2247 368 2254 -
408 2203 531 2280 Tertid,
554 2223 618 2266 uon
646 2205 757 2266 stetim
781 2202 1021 2283 desperandum
1046 2221 1117 2264 esse
1137 2203 1179 2264 de
1194 2199 1293 2276 lideli,
1314 2204 1376 2264 etsi
1393 2222 1450 2284 per

359 2287 490 2370 singula
505 2295 674 2352 momentu
688 2307 754 2350 nou
771 2291 891 2350 sentiet
907 2289 1050 2369 Spiritus
1071 2287 1185 2348 Sancti
1201 2289 1448 2361 testimonium

359 2378 438 2458 quin
452 2377 500 2438 itu
514 2394 549 2436 se
566 2374 666 2438 hebet
680 2393 757 2436 cum
773 2373 924 2436 fidelibus
940 2371 1071 2434 divinus
1090 2374 1152 2436 iste
1167 2372 1320 2454 Spiritus,
1345 2381 1383 2436 nt
1398 2393 1450 2436 ue-

360 2461 434 2541 pius
459 2462 509 2523 sui
533 2463 655 2523 umoris
680 2479 778 2532 seusu
805 2461 912 2541 privet
938 2476 996 2541 per
1022 2457 1151 2539 aliquot
1177 2457 1364 2534 intervallo,
1386 2463 1451 2541 qui>

360 2543 500 2608 demisse
511 2543 553 2608 de
566 2565 600 2608 se
616 2546 811 2626 cogitantes,
827 2543 869 2606 de
878 2545 1023 2628 peccatis
1033 2545 1229 2627 perpetretis
1237 2545 1451 2626 ingemiscere

359 2633 531 2712 incipiunt.

363 2773 369 2787 ,
406 2715 546 2789 Quarti),
558 2715 685 2778 nullum
702 2737 772 2779 esse
787 2736 900 2780 verum
913 2715 1052 2792 fidelem,
1069 2717 1125 2798 qui
1142 2714 1320 2798 aliquunde
1334 2714 1377 2778 de
1389 2713 1450 2778 sud

360 2799 524 2864 electione
539 2809 573 2862 et
588 2802 695 2864 solute
710 2821 777 2864 non
793 2805 836 2864 sit
850 2809 976 2874 certus;
999 2803 1148 2882 quumvis
1160 2809 1246 2864 enim
1263 2800 1307 2863 ed
1321 2805 1451 2883 tempus

358 2883 393 2948 in
409 2885 482 2948 liliis
499 2887 562 2950 Dei
578 2888 727 2968 sopietur
742 2905 857 2948 sensus
871 2889 983 2966 gratim
999 2890 1176 2968 presentis,
1192 2893 1226 2950 et
1237 2905 1311 2969 spes
1321 2886 1453 2962 future,

360 2971 527 3036 eluctetur
551 2978 660 3034 temen
683 2991 725 3034 ex
741 2973 797 3034 ille
812 2973 932 3055 abysso
950 2975 1061 3034 enimn
1077 2971 1193 3047 fidelis,
1215 2991 1317 3054 quum
1345 2973 1452 3034 reddit

360 3057 500 3125 eiDeus
516 3057 675 3138 goudium
692 3057 806 3120 solutis
821 3077 898 3133 sure,
922 3056 999 3120 hinc
1015 3059 1042 3119 si
1056 3057 1233 3140 aliquando
1248 3061 1365 3138 gemit,
1385 3059 1451 3120 loo·

359 3148 463 3217 tetur,
484 3145 638 3224 suspiret,
660 3142 810 3216 fluctuet,
834 3146 940 3218 timet,
963 3143 1063 3226 pnuld
1086 3151 1161 3226 post
1180 3147 1280 3216 cauit,
1302 3143 1452 3218 conlidit,

359 3227 501 3304 letetur,
523 3237 557 3290 et
573 3230 665 3309 quusi
693 3235 857 3310 prostrato
885 3229 979 3290 hoste
1000 3229 1192 3310 triumphat,
1216 3229 1279 3290 hoo
1301 3237 1398 3311 putet
1420 3235 1450 3293 iu

360 3309 507 3386 Davide,
523 3315 556 3374 in
575 3313 723 3394 Asapto,
738 3315 771 3376 in
789 3313 908 3387 Paulo,
924 3319 959 3374 et
973 3315 1006 3374 in
1019 3313 1101 3376 eliis.
1146 3313 1269 3376 Saltem
1285 3319 1452 3378 credimus

359 3399 542 3461 rarissimos
554 3417 626 3462 esse
642 3399 715 3460 illos
735 3417 830 3460 veros
853 3397 976 3474 fideles,
997 3401 1055 3480 qui
1071 3399 1260 3462 dubitantes
1280 3398 1323 3462 de
1346 3403 1453 3464 salute

357 3499 419 3547 suu
436 3486 629 3546 moriautur.

405 3567 538 3642 Quinto,
562 3567 795 3631 certitudinem
819 3568 909 3632 illam
935 3587 1001 3633 non
1029 3571 1182 3652 possein
1209 3576 1322 3634 uotum
1350 3575 1452 3644 exire,

361 3663 457 3740 ¹entre
470 3653 618 3716 studium
633 3657 836 3730 sanctitutis3
858 3657 949 3738 qussi
972 3655 1072 3718 horno
1092 3659 1125 3720 in
1142 3659 1287 3738 peccetis
1302 3677 1451 3739 perseve-

361 3758 449 3815 rans,
471 3746 582 3821 posset
596 3747 655 3802 cut
670 3739 805 3802 deberet
819 3741 879 3803 eibi
902 3741 1110 3822 persnndere,
1132 3761 1167 3805 se
1181 3742 1224 3806 nd
1241 3743 1344 3805 ritum
1361 3751 1452 3806 reter-

361 3843 523 3888 comesse
539 3825 693 3900 electum,
715 3845 755 3890 ec
771 3831 863 3890 certo
878 3827 1099 3905 servendum
1130 3830 1218 3890 innui
1235 3831 1322 3891 enim
1343 3849 1450 3911 spese

361 3911 511 3986 lactaret,
534 3911 742 3993 quitalinde
757 3931 792 3972 se
813 3914 994 3994 cogitaret:
1024 3915 1090 3976 imo
1105 3917 1124 3974 e
1139 3922 1257 3976 contre
1279 3913 1383 3976 horno
1399 3917 1450 3996 qni

265 3985 277 4014 ⁸
362 4001 470 4087 cornis
487 3997 675 4078 libidinibus
695 3997 856 4079 indulget,
878 3999 961 4060 etin
983 4004 1156 4079 peecatum
1179 4019 1301 4081 pronus
1318 4003 1399 4074 ruit,
1420 4020 1450 4060 se

362 4083 396 4144 iu
407 4084 627 4148 damnationis
638 4103 708 4147 esse
717 4091 816 4158 statu,
831 4103 872 4147 cc
883 4083 943 4146 sibi
953 4092 1110 4147 aeteruum
1122 4087 1292 4148 imminere
1303 4088 1452 4158 exitium,

363 4169 425 4228 uisi
440 4171 550 4232 rtatim
566 4170 607 4231 nd
624 4170 792 4236 meliorem
810 4171 938 4252 frugem
951 4167 1075 4244 rederi,
1096 4173 1284 4232 existimare
1300 4169 1409 4234 debet

360 4287 370 4322 ·.
407 4251 519 4330 Sexto,
541 4255 773 4318 certitudinem
799 4255 888 4316 illum
911 4275 978 4318 nou
994 4273 1064 4318 esse
1084 4261 1211 4323 &veneo
1232 4275 1310 4319 eum
1334 4259 1449 4318 timore

362 4335 432 4412 illo,
445 4355 520 4426 curn
537 4357 601 4418 quo
612 4339 769 4418 jubemur
784 4339 1081 4406 nostrumselutem
1094 4343 1234 4426 operari,
1251 4339 1337 4407 Phil.
1348 4344 1379 4405 ii.
1401 4341 1448 4402 12.
