3000 5006
353 437 417 502 292
670 443 875 498 nnaoaoura
896 445 1135 499 caarsrraaa.-
1225 411 1230 425 ’
1278 431 1447 520 [narrt.

350 627 453 690 gnere
468 623 614 692 semper:
637 595 713 668 nam
731 607 919 688 temporarii
936 611 1021 688 crepe
1036 607 1068 669 in
1085 603 1221 669 iliande
1235 607 1440 683 moriuntur,

350 685 413 758 nec
429 701 539 757 tamen
555 692 613 754 illa
627 689 707 753 fides
721 709 782 754 eos
793 691 909 754 salvat.
955 691 1082 754 Horum
1096 699 1245 776 respectu
1258 711 1325 756 nan
1338 691 1441 756 debet

350 776 723 860 dmifidesadtempua

396 865 545 930 Primum
558 863 733 926 discrimen
750 865 873 946 petitur
887 862 931 926 ab
942 865 1092 945 origines·
1100 863 1247 947 equidem
1260 869 1439 946 ntra-qna

351 949 448 1014 fidem
461 951 631 1030 ingenerat
648 948 750 1020 Deus,
773 947 830 1009 sed
843 967 920 1011 vera
933 947 1013 1011 fides
1022 947 1095 1011 duit
1117 949 1159 1012 ab
1168 950 1353 1026 electione3
1375 969 1440 1014 un·

351 1036 394 1099 de
411 1044 554 1098 vocatur·
565 1033 643 1096 tides
657 1036 854 1106 electorum
876 1033 932 1098 sed
955 1034 1034 1096 tides
1052 1037 1258 1120 temporaria*
1273 1035 1401 1120 pendet
1419 1039 1438 1098 d

351 1123 459 1206 gratia
475 1122 653 1193 communi,
674 1137 747 1200 qum
762 1121 860 1180 etiam
872 1119 1022 1202 quendam
1034 1120 1122 1182 bona
1132 1121 1316 1203 spiritualia
1328 1141 1439 1204 repro·

352 1207 404 1270 bis
419 1207 567 1288 largitur.
611 1205 1440 1290 Spiritusregenerationiaatndoptioniaeatprin·

353 1293 479 1442 scipionia!
492 1289 695 1438 vermmjdtri.
740 1289 804 1351 Sed
818 1289 1137 1373 fldcitemporarioe
1151 1303 1272 1355 auctor
1284 1299 1334 1355 eat
1348 1295 1439 1375 apir-

352 1394 711 1442 smwmwm

397 1464 582 1526 Samnitum
607 1461 782 1523 discrimen
810 1463 934 1542 petitur
954 1463 975 1524 d
996 1465 1137 1539 motivis,
1164 1483 1236 1546 quse
1261 1463 1441 1548 impellunt

350 1549 582 1630 temporarios,
595 1553 629 1609 et
639 1545 856 1610 verosddeles
872 1547 1148 1625 ad·credendnm;
1169 1549 1282 1611 fideles
1291 1549 1440 1632 amplec-

253 1703 255 1712 ‚
353 1641 472 1696 tuntur
486 1631 695 1713 evangelium
720 1634 885 1714 primarie,
907 1633 968 1695 sub
982 1631 1058 1696 rdet
1071 1634 1147 1698 nont
1165 1633 1306 1710 mis,
1330 1617 1440 1718 qrr‘am·

349 1716 1442 1804 siaetiamamplectantursubidedutilisetjucundi.undequando

355 1824 423 1868 non
440 1813 577 1886 possunt
594 1805 734 1867 retinere
748 1805 968 1886 evangelium,
990 1809 1069 1886 quin
1086 1805 1238 1868 omnibus
1259 1805 1442 1870 commodis

356 1893 559 1964 renuntient,
588 1895 622 1952 et
648 1889 799 1951 omnibus
828 1891 1054 1973 voluptatibus
1080 1893 1233 1954 anutium
1260 1895 1441 1968 remittant,

355 1976 491 2038 malunt·
501 1976 565 2038 illis
579 1973 761 2043 commodis
776 1975 883 2038 etillis
894 1975 1118 2058 voluptatibus
1130 1979 1331 2052 munatius,
1347 1981 1440 2062 quan

357 2061 566 2140 evangelium
582 2059 758 2142 abnegare,
779 2069 838 2122 ant
855 2080 965 2123 reram
981 2062 1170 2143 religionem
1192 2061 1352 2127 deserere.
1396 2063 1443 2126 At

358 2147 553 2222 imperare·
577 2145 825 2226 amplectuntur
850 2150 1014 2229 precipue
1039 2147 1259 2229 evangelium,
1287 2151 1350 2212 sub
1370 2146 1442 2212 idet

357 2231 456 2292 utilio
481 2233 514 2292 ct
527 2230 684 2311 jucundi,
708 2229 795 2290 unde
822 2233 848 2292 si
875 2251 942 2293 non
968 2235 1094 2314 possint
1113 2251 1223 2296 reram
1250 2235 1442 2318 religionem

354 2313 514 2398 profiteri,
536 2317 614 2396 quin
642 2332 703 2374 sua
728 2314 881 2378 deserant
904 2317 1092 2396 commoda,
1114 2337 1225 2384 veram
1251 2321 1443 2404 religionem

356 2401 458 2483 qudm
473 2411 548 2462 suas
560 2398 691 2461 divitias
705 2401 889 2484 relinquere
903 2403 1041 2467 malunt.

407 2483 557 2550 nortem
572 2483 747 2549 discrimen
768 2505 809 2549 ex
831 2488 1040 2553 radicatione
1065 2493 1238 2576 utriusque
1256 2491 1332 2556 fidei
1354 2491 1446 2557 duci·

358 2577 434 2648 tur;
456 2570 537 2634 ddes
551 2577 700 2652 ηέωωιιςος
716 2571 861 2635 radicem
882 2593 947 2636 non
972 2575 1081 2652 habet,
1104 2577 1229 2642 Mattio.
1245 2581 1313 2644 xiii.
1333 2577 1385 2642 21.
1407 2579 1443 2640 in

359 2657 532 2738 superficie
548 2656 672 2718 extimi
694 2660 811 2719 animae
832 2657 945 2736 heret,
966 2663 1091 2724 scilicet
1112 2665 1145 2725 in
1171 2665 1349 2728 intellectu.
1393 2662 1443 2727 At

358 2739 439 2804 fides
452 2759 529 2800 vera
545 2741 692 2802 radicata
707 2750 756 2804 est
772 2747 803 2803 in
821 2743 937 2820 corde;
964 2747 1052 2810 unde
1063 2745 1339 2814 fidelesdiountur
1349 2751 1445 2814 rodi·

360 2827 432 2887 cati
447 2826 483 2886 in
497 2823 638 2899 Christos,
659 2829 691 2888 ct
701 2827 944 2906 confirmatius
955 2829 1039 2910 fida.

403 2907 567 2981 Quartum
582 2909 898 2996 discrimen-petitur
913 2931 955 2978 ex
972 2937 1022 2995 eo,
1044 2919 1136 3002 quod
1155 2919 1235 2984 ildes
1253 2925 1446 3006 temporari·

358 3013 453 3057 orum
470 3015 545 3058 cum
562 2997 823 3061 sanctificatione
837 2999 951 3062 cordis
963 3021 1034 3066 non·
1045 3009 1086 3067 sit
1102 3009 1294 3086 conjuncta,
1318 3009 1443 3074 undeni

358 3080 538 3164 aliquando
553 3089 648 3144 actus
663 3083 787 3166 aliquos
802 3089 990 3150 extrinsece¹
1003 3090 1106 3152 bonos
1117 3101 1284 3174 prestent,
1299 3105 1336 3157 et
1347 3097 1446 3159 vitam

358 3167 537 3230 emendare
551 3167 737 3238 videantur.
759 3187 799 3233 ae
815 3171 1139 3252 pollutionesmundi
1151 3178 1316 3260 effugere;
1339 3184 1447 3264 quoti·

358 3271 527 3335 escnnque
543 3251 594 3316 vel
611 3253 778 3317 blanditias
799 3256 913 3320 mundi
934 3265 968 3322 et
988 3264 1107 3339 castris,
1128 3263 1181 3326 vel
1199 3270 1447 3347 persecutiones

359 3337 1447 3419 mmmmmmmmfflmmmdumfflaeffl

346 3431 423 3486 'cau
439 3430 489 3486 est
504 3439 562 3504 per
577 3423 771 3487 charitatem
786 3445 795 3500 ;
817 3427 932 3491 eodem
950 3437 1098 3514 tempore
1113 3453 1179 3516 quo
1194 3453 1367 3502 summum
1385 3439 1446 3504 Dei

359 3525 440 3590 erga
455 3527 515 3569 nos
529 3525 687 3580 amorem,
709 3517 743 3572 et
761 3510 889 3575 Christi
908 3515 1102 3580 charitatem
1127 3531 1357 3602 representat.
1381 3543 1447 3587 mu·

359 3593 1448 3694 tmewmacmmmammmhmmtmmwmo

278 3752 280 3760 Ι
358 3677 470 3740 lundis
495 3679 742 3744 characteribus
763 3686 948 3748 sanctitatis
972 3692 1114 3770 speciem
1136 3693 1253 3754 anima
1275 3695 1449 3778 imprimit,

360 3771 399 3828 nt
415 3763 496 3826 nihil
512 3765 622 3826 anima
637 3765 695 3827 sibi
714 3769 900 3848 praeclarius
924 3772 1103 3838 arbitretur
1119 3779 1218 3859 quim
1240 3781 1270 3840 ei
1289 3787 1404 3844 totam
1419 3797 1450 3842 se

360 3848 456 3920 daret
478 3857 594 3914 ettam
616 3851 683 3913 alte
705 3854 860 3939 insculpit
880 3862 1038 3939 promissa
1059 3861 1226 3925 felicitatis
1244 3871 1394 3945 aeterno,
1415 3875 1450 3929 nt

360 3934 476 4018 proeli
497 3938 763 4020 omniaexperiri
781 3948 915 4022 paratus
930 3947 972 4007 sit
993 3943 1117 4022 fidelis3
1140 3949 1217 4012 hinc
1232 3954 1288 4032 qui
1304 3951 1350 4014 ed
1374 3973 1450 4038 prm

360 4019 421 4082 diti
444 4027 521 4083 sunt
544 4022 688 4086 trucium
712 4025 796 4086 terre
821 4025 990 4106 dicuntur,
1014 4031 1139 4100 Matth.
1165 4037 1233 4098 xiii:
1250 4037 1283 4111 8,
1308 4039 1368 4103 28.
1415 4039 1449 4102 ln

361 4103 426 4167 lide
442 4107 716 4189 temporariorum
735 4113 841 4174 oritur
855 4115 1025 4195 gaudium,
1047 4122 1167 4201 partim
1188 4139 1232 4184 ex
1247 4127 1405 4189 novitate
1422 4133 1452 4186 et

362 4192 496 4253 raritate
518 4212 626 4274 rerum
650 4195 879 4268 revelaturum.
910 4204 1028 4284 partim
1050 4221 1104 4267 ex·
1118 4225 1204 4270 vana
1229 4215 1454 4292 persuasione,

297 4289 301 4296 ’
362 4269 450 4338 bona
478 4277 641 4360 evangelii
668 4279 781 4347 oblata
808 4285 851 4348 ad
878 4305 914 4351 se
939 4291 1125 4370 pertinere;
1147 4293 1204 4357 sed
1230 4297 1265 4358 in
1287 4293 1356 4360 fide
1382 4311 1458 4359 rora
1494 4289 1495 4322 ⁴
