3000 4998
66 445 146 529 dap
173 443 217 534 tt]
448 461 499 513 ns
519 463 774 516 enovrnen'rrn.
1054 465 1056 470 ·
1093 451 1160 519 m

62 617 105 680 de
133 619 209 682 Deo
232 617 393 702 cogitans,
418 619 539 698 Deum,
563 621 728 686 horrendo
752 623 899 698 crimine,
920 621 997 686 odio
1017 623 1157 686 habeant.¹

62 705 92 767 ³.
118 704 174 767 Ne
196 707 269 786 quis
292 703 419 769 diceret
440 725 475 769 se
496 725 563 769 non
588 727 718 791 capere,
740 709 907 791 quomodo
928 709 1065 773 affectus
1082 709 1150 770 odii

62 793 167 871 possit
190 791 341 864 excitari,
362 791 487 873 absque
510 793 578 854 nlla
597 793 872 857 determinatione
892 794 935 856 nd
958 796 1125 878 objectum
1139 801 1157 868 ς’

61 875 288 976 observabam,
304 877 780 978 (i.)·Sepissim6contingere,
798 883 927 943 utinen
938 883 1146 954 emersimus,

61 961 1164 1136 ‘ttttttttttittttztttttttttt{itiitttttttt
1208 1095 1212 1103 ,

59 1136 116 1196 tre
130 1132 334 1196 obserantur.
378 1133 447 1214 (2.)
469 1133 651 1216 Nunquam
663 1139 697 1197 in
709 1135 821 1198 odium
839 1137 903 1199 Dei
915 1136 1034 1200 cadere
1050 1155 1146 1218 posse

61 1216 237 1292 hominem,
260 1219 322 1280 nisi
339 1219 443 1281 mutto
452 1221 542 1301 prius
555 1223 790 1302 praecesserint,
812 1241 883 1304 qure
898 1221 1034 1303 longum
1050 1223 1154 1284 nimie

63 1301 145 1365 toret
160 1304 339 1384 explicare.
788 1353 791 1358 .
867 1347 869 1352 -
943 1353 945 1360 .
1040 1341 1044 1354 ·
1151 1341 1155 1354 ·

97 1387 179 1450 ·V11.
204 1387 346 1456 Quando
371 1389 579 1471 querebatur
594 1392 615 1454 rt
631 1409 694 1466 me,
716 1409 776 1454 oar
800 1391 891 1454 Deus
917 1392 1086 1456 excitatint
1109 1394 1144 1454 in

62 1471 192 1537 homine
208 1475 308 1537 talem
321 1473 480 1538 affectum
496 1475 574 1552 odii,
596 1495 638 1539 ex
652 1497 717 1559 quo
733 1477 826 1540 novit
846 1480 1006 1540 oriturum
1022 1480 1147 1559 gravis·

13 1605 15 1636 ,
61 1561 176 1622 sirnnm
193 1566 391 1644 peccatnm3
412 1561 767 1643 querebamrtorsnm,
789 1581 848 1626 our
864 1562 1152 1645 Densaliqnondo.

62 1648 242 1726 permiserit
268 1653 452 1730 peccatum,
475 1647 563 1730 quod
585 1653 713 1730 poterat
737 1647 907 1730 impedire,
925 1667 990 1712 cur
1000 1649 1146 1731 proponi

62 1732 338 1814 patitnrobjecta‚
354 1751 424 1815 quae
433 1735 527 1794 novit
535 1732 578 1794 ad
588 1739 762 1815 peccatum
773 1733 956 1814 impulsura
967 1735 1146 1808 hominem,

61 1835 119 1878 car
133 1823 310 1884 conservat
319 1817 495 1881 facultates
505 1819 657 1893 hominis,
675 1818 793 1900 quibus
811 1819 990 1880 abusurnm
1006 1821 1146 1900 praescit.

62 1900 221 1966 Preterea
236 1903 487 1986 respondebam,
511 1903 763 1986 Deumculpnri
786 1903 977 1966 nullatenus
1003 1903 1147 1976 debere;

61 1989 125 2067 (l.)
145 1988 317 2072 Siquidem
332 1990 380 2052 illi
394 1988 544 2067 effectus,
564 1989 631 2052 itte
644 1988 920 2064 occasioneque
929 1988 1073 2070 objecta,
1087 2003 1147 2070 per

61 2091 171 2136 senon
187 2075 364 2157 impellunt
380 2075 528 2138 homiues
544 2073 586 2137 ad
603 2074 823 2156 peccandum,
845 2073 903 2138 sed
914 2073 1148 2158 peraccidens

60 2162 200 2234 tantum,
223 2166 358 2243 propter
379 2163 626 2242 corruptionem
644 2160 795 2233 hominia,
818 2159 914 2241 cujus
931 2160 1025 2222 Deus
1040 2158 1156 2222 nulla··

60 2249 151 2308 tenrm
178 2252 297 2309 auctor
322 2251 381 2308 est.
424 2246 494 2327 (2.)
515 2245 611 2314 Qnie
628 2245 671 2307 ad
694 2244 953 2328 perpetrandum
970 2251 1146 2328 peccatum

59 2349 267 2414 nequaquam
289 2334 389 2414 cogit,
411 2333 479 2394 imo
493 2331 661 2395 interdicit
682 2338 869 2414 peccatum,
891 2349 1022 2414 poenam
1039 2331 1147 2413 legem

59 2410 300 2500 transgressum
325 2417 527 2494 denunciat3
549 2417 606 2480 eed
625 2417 725 2480 homo
741 2417 843 2480 libere
862 2418 896 2478 in
922 2417 1007 2478 illud
1029 2415 1146 2492 fertur,

57 2501 166 2572 nativt
182 2505 412 2586 propensione.
457 2503 511 2564 Ita
531 2501 711 2584 aliqnando
735 2506 882 2564 nostram
899 2499 1146 2583 exponebantur

13 2625 15 2658 ι
58 2590 278 2664 seutentiam
300 2588 386 2652 forte
408 2587 604 2671 quibasdam
627 2586 828 2663 mtisfnoiet3
850 2585 1035 2648 sinminns
1049 2586 1084 2646 in
1106 2585 1147 2647 iis

57 2675 245 2752 subsistant,
265 2691 340 2758 que
350 2675 421 2758 jam
432 2672 661 2738 indicavimus.
704 2670 816 2755 Atque
831 2670 901 2736 trec
912 2671 1002 2735 circa
1012 2671 1144 2734 initium

80 2763 198 2824 eccati.

59 2778 199 2909 pvild.
216 2844 324 2909 Actus
340 2845 559 2909 Providentia
570 2845 689 2909 divinae
701 2847 790 2908 circa
804 2839 1143 2928 peccat-um,·qnnndo

59 2927 102 3006 tt,
123 2937 193 2995 tres
206 2938 295 2994 sont.
340 2931 479 2996 Primus
503 2938 553 2992 est
576 2931 642 3005 iile,
674 2929 807 3012 quando
833 2929 926 2992 Dens
952 2936 1145 3011 peccatores

60 3017 176 3080 inscios
192 3017 315 3099 dirigit,
339 3025 455 3100 preter
470 3021 614 3078 mentem
630 3015 775 3090 illorum,
791 3017 839 3075 ite
850 3021 893 3075 ut
907 3016 940 3076 in
953 3015 1019 3082 hoo
1031 3015 1144 3096 potins

13 3117 14 3138 ¹
58 3101 224 3184 obiectum
239 3110 386 3185 peccent,
408 3099 504 3186 quim
519 3104 553 3162 in
565 3099 645 3162 iliud
659 3121 669 3175 3
690 3117 757 3160 non
769 3097 859 3180 qnod
871 3098 991 3160 matam
1003 3115 1144 3180 peccon-

59 3185 88 3248 di
99 3189 306 3252 voluntatem
325 3187 511 3250 hominibus
523 3186 630 3268 impiis
645 3185 799 3266 inspiret3
821 3181 878 3245 sed
894 3182 982 3264 qudd
996 3185 1085 3264 ipsos
1099 3179 1143 3244 ad

58 3273 261 3354 peccandum
277 3291 400 3356 pronos
420 3273 552 3354 dirigat,
574 3277 612 3332 ut
627 3269 785 3333 maiitiam
802 3285 906 3344 suem,
929 3269 1016 3332 eirca
1032 3267 1145 3350 objec-

57 3365 138 3435 tum,
159 3357 251 3442 quod
268 3359 361 3422 Dens
383 3361 499 3442 punire
514 3357 702 3432 destinarit,
723 3361 880 3420 exerant:
904 3352 967 3416 hoc
983 3357 1092 3436 potnit
1106 3355 1146 3416 in*

57 3441 149 3526 Rege
170 3445 396 3528 Assyriorum,
419 3461 518 3526 quem
543 3443 637 3505 Deus
659 3444 692 3504 in
706 3439 841 3505 iudaeos
861 3437 906 3501 ud
928 3437 1139 3522 plectendam

13 3539 14 3544 ’
54 3549 168 3592 eornm
189 3532 394 3611 impietatem
410 3531 540 3591 mittere
555 3528 679 3596 votens.
702 3531 806 3589 sortes
820 3527 903 3608 ejus,
923 3539 1144 3607 quas-consu·

53 3615 125 3691 init,
147 3617 305 3690 incertus,
327 3622 438 3676 utrum
454 3617 487 3676 in
504 3613 723 3686 Ammonitas,
745 3629 788 3674 an
803 3613 838 3674 in
859 3609 994 3673 cheos
1014 3608 1140 3672 bellum

54 3707 140 3763 eseet
160 3706 324 3778 moturus,
345 3702 393 3762 ite
413 3699 545 3775 direxit,
568 3706 606 3762 nt
625 3699 752 3760 omissis
772 3695 984 3784 Ammonitis,
1006 3693 1142 3758 Judreor

92 3793 191 3850 teret.
937 3823 939 3832 ν
1009 3797 1016 3828 ·'

52 3805 266 3936 perterrendos
279 3877 375 3936 actus
385 3876 434 3935 est
445 3870 511 3946 itte,
533 3891 597 3955 qno
614 3870 707 3932 Deus
721 3867 813 3944 iacit,
835 3872 874 3930 nt
885 3872 1138 3952 peccatnmnon

50 3959 168 4021 tendat
182 3957 225 4020 ad
239 3958 350 4035 finem,
372 3960 392 4020 d
406 3963 581 4041 peccatore
592 3957 771 4029 intentum,
792 3951 850 4016 sed
866 3955 900 4016 in
921 3951 1139 4034 alinmiongt

50 4043 158 4106 tDeo
173 4043 388 4120 destinatum,
410 4039 686 4134 quemadmodum
704 4045 878 4122 peccatum
890 4037 1027 4100 tratrem
1043 4037 1138 4100 Jore·

48 4128 161 4210 phiita
175 4127 309 4208 direxit,
323 4135 375 4206 nt,
396 4131 453 4214 qni
468 4114 686 4207 intendebant
700 4125 773 4207 ejus
787 4121 1023 4187 exaltationem
1033 4125 1134 4206 impe-

47 4213 132 4290 dire,
153 4213 244 4278 illam
260 4215 528 4279 acceleraverint.
647 4239 652 4248 ·
678 4237 684 4252 ·
720 4229 723 4237 ’

91 4299 229 4368 Tertius
242 4306 294 4366 ett
313 4299 381 4378 tue,
402 4317 471 4384 qno
491 4298 586 4365 Dens
601 4296 727 4363 tintus
749 4297 845 4383 ponit
867 4299 1019 4381 peccato,
1039 4313 1083 4361 ne
1096 4295 1131 4360 ia
