3000 4998
36 389 113 472 (hp.
130 383 200 474 i8.1
450 405 498 458 ne
521 405 744 458 usnrsnoar.
1056 395 1121 462 2⁵⁵

75 560 118 624 X.
143 557 309 624 Intererat
327 558 464 638 elisisti,
487 566 524 625 ut
545 562 621 644 jura
647 561 708 626 sibi
722 565 818 645 parto
840 561 1007 647 gauderet,
1028 565 1122 632 lorti·

40 649 151 727 terque
176 647 349 727 prostratis
376 645 537 724 hostibus,
558 647 751 730 triumphali
775 666 873 712 curru
894 657 1017 728 rectus,
1040 658 1122 717 tem·
1236 645 1241 658 ’

42 731 125 812 plum
143 730 257 812 glorie
279 731 374 794 laetus
396 733 546 796 intraret.
589 731 640 796 lbi
665 735 731 816 qud
755 734 909 796 sacerdos
935 755 1123 819 comparere

41 814 178 880 debehat
191 834 304 880 coram
321 816 406 881 iacie
427 817 491 880 Dei
507 819 594 882 intra
608 818 758 882 velamen
775 825 850 902 post
864 819 1011 884 oblatum
1026 825 1125 886 sacri·

42 901 146 964 licium
173 903 208 965 in
230 903 340 980 terris,
360 901 460 985 idque
475 909 541 967 tam
558 906 754 980 necessario,
775 909 823 978 ut,
844 907 879 968 si
898 907 935 966 ia
956 910 1055 972 terris
1075 927 1126 970 rc·

42 987 226 1061 mansisset,
253 984 423 1069 nequidem
446 989 601 1052 sacerdos
619 993 730 1054 noster
750 1008 821 1052 esso
840 993 1018 1070 potuisset,
1040 991 1127 1058 Heb.

43 1073 102 1136 viii.
115 1073 153 1134 s.
199 1072 249 1134 lbi
265 1075 330 1154 qud
340 1073 505 1156 propbeta
514 1074 706 1138 cathedram
719 1073 841 1138 habere
852 1075 978 1152 debuit,
1000 1083 1038 1139 ut
1052 1076 1130 1141 inde

41 1163 142 1220 totum
160 1157 273 1221 orbem
293 1157 439 1234 doceret,
470 1177 511 1224 ac
535 1159 694 1224 thronum
710 1163 858 1242 quires,
881 1165 919 1222 ut
934 1160 1013 1225 inde
1027 1165 1129 1226 totius

43 1245 184 1306 universi
208 1241 352 1307 habenas
373 1250 512 1320 teneret,
534 1252 569 1306 et
583 1246 757 1308 ecclesiam
770 1246 892 1328 ubique
911 1243 1063 1310 diffusam
1079 1267 1130 1312 re·

62 1339 141 1394 eret.

42 1348 142 1476 gill.
165 1411 213 1478 At
228 1412 315 1496 quod
327 1413 458 1496 justitia
482 1419 518 1478 et
543 1414 703 1498 sapientie
719 1413 836 1492 Patris,
857 1434 897 1480 nc
923 1417 1029 1502 gloria
1053 1416 1129 1482 Filii

43 1497 243 1581 postulabat,
272 1498 360 1562 idem
390 1499 479 1562 salus
501 1499 657 1562 Ecclesia
686 1499 867 1581 flagitavit3
898 1501 1013 1566 debuit
1038 1505 1129 1568 enim

41 1583 227 1658 ascendere,
246 1583 273 1646 l.
291 1582 338 1646 Ut
349 1581 469 1646 coelnm
483 1583 578 1646 nobis
593 1593 761 1648 reseraret.
787 1587 818 1647 2.
833 1587 880 1650 Ut
895 1606 955 1668 pro
971 1589 1065 1654 nobis
1078 1591 1127 1652 in·

43 1668 235 1745 tercederet,
272 1667 370 1732 Rom.
395 1670 461 1731 viii.
478 1671 530 1734 88.
581 1671 612 1733 8.
643 1669 689 1734 Ut
718 1670 828 1734 locum
858 1671 953 1736 nobis
984 1681 1128 1756 pararet,

42 1755 119 1818 lob.
142 1757 208 1818 xiv.
230 1753 260 1816 2.
305 1755 335 1816 4.
361 1753 407 1817 Ut
422 1753 579 1836 Spiritum
595 1769 691 1818 snum
707 1757 740 1818 in
757 1775 818 1818 nos
833 1756 1028 1834 effunderet,
1049 1759 1128 1826 lob.

42 1843 155 1904 xri.'l.
198 1842 228 1902 b.
261 1838 307 1904 Ut
332 1840 375 1902 ad
404 1841 551 1904 coelestia
579 1841 707 1902 animos
733 1846 768 1902 et
796 1839 935 1902 affectus
964 1843 1131 1920 eveheret,

43 1925 169 1990 Coloss.
190 1927 235 1989 iii.
258 1925 287 1988 l.
332 1926 361 1988 6.
391 1923 439 1990 Ut
467 1932 586 1988 nostres
602 1925 801 1988 ascensionis
820 1923 939 1988 tuturo
961 1927 996 1988 in
1011 1928 1131 1996 coslum

43 2017 150 2075 certos
171 2009 335 2075 redderet.
380 2009 561 2076 Assaraco»
575 2029 635 2074 vos
650 2011 697 2072 nd
705 2029 765 2086 nse,
786 2016 825 2072 ut
839 2008 897 2072 ubi
910 2028 972 2094 ego
986 2031 1071 2088 suin,
1082 2013 1132 2080 ibi

43 2101 72 2160 st
85 2117 145 2162 vos
159 2099 250 2172 sitis,
271 2095 348 2160 Joh.
362 2098 430 2160 xiv.
445 2099 478 2161 tl.
508 2096 621 2180 Atque
637 2113 679 2160 ex
692 2097 763 2178 ejus
776 2096 968 2159 ascensione
983 2096 1131 2168 firmatur

42 2181 132 2260 ides,
153 2181 318 2246 stabilitur
331 2201 417 2266 spes,
438 2186 580 2265 augetur
600 2181 744 2246 ebaritas
763 2186 887 2258 nostra,
908 2187 942 2243 et
956 2183 1134 2250 innumera

42 2266 82 2332 ad
100 2267 392 2334 sanctificationem
407 2270 533 2332 motiva
547 2267 810 2352 suppeditantur.

83 2353 165 2418 XII.
190 2354 244 2419 De
266 2355 406 2420 sessione
429 2353 558 2420 Christi
574 2355 621 2418 nd
645 2355 850 2429 declrnmut
863 2353 1051 2436 loquamur,
1072 2356 1132 2420 ob-

42 2439 238 2504 servandum
250 2446 310 2518 est,
325 2459 398 2504 eam
410 2438 523 2504 doceri
546 2439 598 2502 Pa.
611 2459 663 2502 cx.
679 2440 707 2502 l.
731 2437 833 2502 Dixit
848 2437 973 2504 Jelova
989 2439 1130 2504 Domino

44 2545 120 2602 uteo,
141 2527 217 2592 sede
241 2527 265 2588 d
290 2527 433 2601 desiria,
454 2543 531 2589 cum
557 2539 624 2604 quo
649 2520 859 2594 conferenda,
882 2541 956 2602 ques
981 2524 1135 2590 Christus

44 2611 127 2676 dixit
142 2610 491 2684 instrumienta.
507 2613 543 2670 et
558 2605 677 2670 Paulus
694 2604 871 2688 Eph.i.20.
896 2605 1132 2674 Romanius.
1148 2670 1152 2678 ,

83 2697 187 2762 Xlll.
210 2697 322 2760 Sessio
341 2695 466 2760 illaad
489 2694 642 2756 dochum
665 2711 731 2754 non
758 2692 890 2774 proprie
913 2697 948 2756 et
961 2691 1134 2760 literaliter

46 2783 185 2862 intelligi
215 2786 334 2863 potest,
367 2783 443 2846 crim
470 2779 562 2844 Deus
589 2797 650 2842 nec
679 2775 842 2853 textam,
874 2795 937 2842 nec
965 2782 1132 2846 sinistram

46 2869 180 2940 babeat,
195 2864 252 2928 sed
264 2865 401 2948 figurate
411 2872 444 2928 et
455 2863 690 2946 metaphorice,
704 2863 748 2926 ad
762 2861 923 2926 summani
935 2863 1131 2948 dignitatem

46 2963 77 3018 et
93 2953 269 3036 imperium
287 2951 409 3014 Christi
431 2947 681 3028 designandum,
702 2945 896 3028 metaphora
919 2950 1061 3014 anmtdd
1083 2971 1132 3014 re·

47 3059 122 3122 gum
140 3045 176 3102 et
190 3044 380 3120 magnatum
397 3031 646 3106 consuetudine,
661 3033 726 3114 qui,
748 3050 829 3112 quos
844 3031 999 3097 volebant
1013 3036 1134 3116 insigni

49 3127 172 3188 honore
188 3129 362 3197 mactatos,
383 3121 425 3184 ad
449 3119 600 3182 dextram
616 3133 708 3180 suam
732 3115 952 3192 collocabant,
975 3120 1021 3182 ita
1042 3120 1136 3184 Solo·

49 3213 152 3274 monis
167 3213 283 3283 mater,
306 3207 353 3272 ad
366 3206 458 3288 regis
464 3203 542 3284 filii
556 3203 710 3266 dextram
724 3203 834 3264 sedere
841 3203 955 3284 jussa,
974 3203 987 3266 l
1004 3203 1086 3289 Reg.
1099 3205 1135 3270 ii.

53 3299 98 3359 19.
124 3299 287 3358 etmater
313 3292 453 3356 filiorum
480 3287 633 3352 zebedei
660 3289 753 3371 petit,
786 3293 823 3350 ut
848 3285 904 3348 filii
932 3287 1067 3354 sedeant
1090 3289 1136 3356 ad

49 3379 196 3444 dextram
211 3385 246 3444 et
268 3380 431 3442 sinistram
457 3374 592 3449 Christi,
614 3375 648 3436 in
665 3391 766 3456 regno
789 3374 899 3455 ipsius.
946 3373 999 3438 lta
1014 3375 1135 3456 legitur

50 3467 81 3528 in
97 3467 167 3528 sita
182 3464 325 3528 Neronis
339 3461 427 3546 spud
445 3461 638 3525 Suetonium
655 3477 727 3544 cap.
744 3460 812 3522 xiii.
845 3458 1017 3534 Neronem,
1045 3460 1136 3525 Tiri·

51 3552 158 3616 dotsm
181 3549 348 3616 Amsntae
367 3567 478 3632 regem
492 3550 600 3631 justo
624 3565 660 3610 sc
685 3548 787 3611 urm
808 3544 923 3610 dextro
948 3549 1135 3614 collocasse.

52 3637 88 3700 ln
104 3635 268 3720 Synedrio
284 3633 585 3718 septuagintarirali
600 3631 644 3696 ad
659 3630 810 3696 dextram
827 3634 983 3716 principis
998 3631 1136 3696 sedebm

54 3721 155 3785 Pater
168 3723 283 3784 domus
296 3723 436 3802 judicii,
458 3739 533 3784 cum
557 3737 622 3802 qno
642 3722 754 3781 omnia
769 3720 1048 3784 communicabat.
1153 3781 1156 3788 .

91 3805 188 3870 XlV.
211 3809 323 3870 Sessio
347 3807 404 3870 illa
429 3809 537 3889 itaque
563 3805 725 3885 designat,
762 3803 788 3865 l.
813 3803 981 3868 Summam
1010 3803 1138 3868 Christi

51 3894 254 3974 majestatem
278 3899 312 3956 et
336 3892 487 3974 gloriam,
508 3909 566 3974 per
592 3906 692 3970 quam
719 3893 845 3952 summe
866 3889 1031 3952 exaltatus
1052 3895 1101 3950 est
1116 3891 1158 3958 d,

53 3979 138 4056 Deo,
160 3979 378 4059 inauguratus
398 3983 510 4040 texet
532 3981 634 4056 caput
652 3973 818 4047 Ecclesia,
840 3991 879 4038 ac
903 3993 1022 4038 nomen
1038 3993 1138 4056 supra

52 4083 147 4128 omne
162 4083 283 4126 nomen
299 4065 439 4144 accepit,
464 4060 548 4124 Phil.
565 4061 597 4120 ii.
616 4060 645 4134 9,
662 4059 709 4120 10.
743 4057 829 4140 Eph.
845 4060 865 4120 i.
879 4059 930 4120 20.
964 4057 1049 4132 Heb.
1064 4061 1085 4122 i.
1101 4061 1133 4130 8.

49 4147 76 4212 2.
101 4149 274 4214 Summum
302 4149 487 4231 imperium,
510 4142 598 4226 quod
626 4150 776 4226 potenter
802 4151 934 4216 exercet
960 4145 992 4206 in
1020 4163 1136 4220 omnes

49 4243 225 4316 creaturas,
241 4241 279 4302 ut
291 4233 477 4319 explicatur
492 4231 512 4294 i
530 4228 633 4296 Panlo
653 4229 666 4294 l
681 4227 757 4295 Cor.
768 4247 824 4296 xr.
840 4227 893 4294 ab.
916 4228 970 4296 uhi
980 4233 1010 4296 st
1021 4232 1136 4300 sedere
