3016 4998
68 416 155 502 cap.
172 418 219 508 7.]
272 515 274 524 y
457 439 505 492 aa
525 439 779 538 mansuetum.
1092 421 1158 498 till

65 601 129 652 xrs.
171 591 253 656 Non
275 595 751 670 dubitauitDominurdioere,
772 595 830 660 imo
843 597 1025 680 eetoorpur
1038 614 1156 676 matris,

63 675 136 736 edm
152 679 296 761 sigrium
315 683 409 744 duret
425 691 574 766 corporis
597 691 662 748 sui.
708 681 751 745 Et
769 681 943 746 Facundus
971 681 1156 764 Episcopus

65 753 316 826 Hermiauensis
332 761 545 850 ital'oquitur‚
568 771 622 834 lib.
647 785 697 834 1x.
719 765 864 850 capuit.
909 767 1021 833 Potest
1041 785 1156 830 eucra-

64 850 209 909 matum
231 851 426 934 adoptionis
441 857 577 938 adoptio
596 856 796 934 murmuriosi,
811 855 901 916 sicut
915 857 1157 920 sacramentum

62 937 214 1008 eorporis
229 941 262 998 et
273 939 455 1019 sauguinis
469 944 551 1023 ejus,
566 945 652 1024 quod
666 949 714 1003 est
728 943 761 1002 in
775 957 864 1019 parre
877 943 909 1000 et
920 939 1038 1022 poculo
1049 957 1158 1024 mass·

64 1023 170 1090 eruto,
193 1037 316 1104 corpus
331 1027 654 1112 ejusetaangumem
666 1029 821 1100 dicimus,
842 1041 907 1086 nort
923 1025 1008 1106 quiid
1017 1021 1157 1104 proprie

64 1117 187 1178 corpus
208 1109 284 1190 ejus
299 1108 342 1169 sit
352 1113 468 1190 parire,
491 1121 521 1174 et
541 1115 696 1193 poculum
716 1111 872 1186 samguis,
893 1112 951 1200 aad
970 1107 1056 1192 qudd
1071 1112 1106 1172 iu
1122 1125 1158 1170 ae

64 1191 225 1270 corporis,
248 1199 495 1278 sanguinisque
508 1205 702 1284 mysterium
712 1199 912 1262 contineant.

492 1525 647 1592 CAPUT
671 1529 751 1593 vll.

329 1666 379 1724 De
389 1668 543 1726 Praestitit
556 1666 658 1724 Christi
672 1669 701 1724 ia
713 1668 897 1728 arctantia

100 1783 132 1866 51.
159 1787 389 1858 Pumssurau
408 1793 577 1858 Christum
594 1815 663 1859 esse
684 1793 718 1860 i'n
741 1793 949 1860 Eucharistit
974 1815 1159 1876 uonuega·

61 1885 146 1946 rmus,
169 1887 205 1940 et
221 1877 359 1962 quidem
376 1883 472 1943 variis
488 1880 604 1944 modis.
661 1883 686 1944 l.
712 1881 799 1950 Quia
814 1891 851 1944 ut
877 1881 969 1944 Deus
984 1884 1095 1944 omnia
1111 1901 1160 1946 re·

62 1953 141 2036 -plet
188 1963 220 2026 2.
248 1961 334 2032 Quia
353 1983 408 2046 per
424 1965 581 2046 Spiritum
599 1986 692 2030 suum
710 1986 786 2030 oum
800 1965 908 2036 auimt
924 1963 1161 2030 nostri-Chris·

63 2039 116 2100 tus
134 2047 263 2125 unitur,
285 2059 318 2112 et
342 2053 422 2132 quia
439 2049 619 2116 efficacium
643 2071 735 2116 suam
761 2051 907 2134 explicat
934 2055 967 2118 in
995 2051 1100 2124 nobis,
1122 2055 1162 2114 ut

65 2124 113 2186 sol
129 2127 252 2196 dieitur
272 2154 416 2236 praeseus
431 2139 465 2198 in
481 2135 589 2219 aliquo
609 2136 693 2212 loeo,
717 2157 820 2220 quum
841 2143 873 2200 in
890 2156 963 2205 eum
988 2138 1098 2202 locum
1115 2139 1162 2200 vi·

65 2204 140 2274 brat
158 2217 280 2282 radios.
339 2223 369 2287 3.
394 2221 480 2290 Quia
496 2241 636 2305 presens
659 2231 710 2286 est
722 2243 783 2308 per
798 2223 959 2308 symbola.
982 2242 1052 2305 qum
1068 2223 1163 2286 illum

64 2309 316 2440 {ipraesentant
359 2307 391 2370 l.
414 2307 502 2378 Quia
513 2305 587 2372 lidai
599 2318 718 2372 nostrae
733 2315 940 2392 praseusest
955 2309 1026 2392 ejus
1042 2323 1164 2390 eorpus

110 2401 262 2469 sauguu.

66 2547 71 2560 Ι
108 2465 155 2530 11.
181 2473 229 2534 At
245 2493 402 2554 negamus
417 2477 488 2556 ejus
508 2495 628 2556 eorpus
650 2495 719 2538 esse
735 2496 875 2558 praeseus
890 2479 923 2538 iu
946 2473 1164 2552 Eucharistia,

61 2553 112 2609 tta
127 2559 166 2613 ut
182 2558 226 2617 sit
240 2571 316 2620 actu
333 2568 366 2619 et
380 2563 509 2620 realiter
520 2563 553 2624 iu
567 2571 783 2622 sacramento.
833 2561 857 2622 l.
882 2561 1006 2628 Quiasi
1022 2579 1165 2640 praesens

63 2645 152 2697 esset
165 2658 287 2724 corpus
301 2641 423 2706 Christi
435 2646 467 2704 iu
483 2642 701 2712 Eucharistia,
716 2654 906 2723 sequeretur
918 2647 1039 2725 eorpus
1051 2643 1175 2708 Chris·-

66 2719 91 2779 ti
115 2739 185 2786 non
203 2747 271 2790 esse
288 2747 401 2790 verum
425 2748 557 2810 eorpus,
579 2729 737 2810 siquidem
762 2747 822 2790 neo
838 2735 925 2790 esset
940 2727 1078 2800 visibile,
1100 2747 1164 2794 neo

67 2801 332 2890 impenetrabile,
345 2833 410 2878 nec
421 2815 717 2895 circumscriptum,
733 2823 767 2874 et
777 2833 897 2896 corpus
910 2813 1001 2876 lieret
1018 2817 1163 2898 spiritus,

68 2889 244 2962 innumera
256 2899 529 2982 looaoceuparet,
541 2901 704 2980 simulque
716 2909 799 2962 esset
811 2903 1163 2980 nnnmetuonn'uum,

69 2993 212 3058 parvum
240 2993 274 3047 et
301 3005 466 3066 magnum,
497 3003 617 3070 corpus
645 3001 818 3068 procerum
843 2985 965 3048 iuoludi
993 2993 1103 3065 posset
1128 2989 1164 3072 in

71 3077 210 3142 puncto,
236 3072 301 3134 imd
318 3071 439 3152 ubique
455 3090 524 3132 esse
545 3081 674 3152 possem
695 3077 731 3130 ut
752 3069 821 3132 brea
842 3068 1076 3132 absurdissima
1091 3073 1164 3151 quis

71 3163 137 3212 non
156 3153 274 3218 videt?
310 3155 340 3218 2.
359 3155 501 3224 Quiasic
514 3153 961 3218 conl'underenturdivinitas
976 3163 1009 3216 et
1027 3157 1164 3218 human.

70 3232 134 3298 itas
152 3237 288 3316 Christi,
311 3259 386 3304 nam
404 3245 473 3302 sola
499 3241 653 3304 diviuitas
669 3239 804 3304 Domini
832 3248 881 3301 est
906 3243 1076 3310 immensa.
1097 3242 1166 3317 ime

72 3335 193 3405 corpus
209 3347 284 3392 crim
301 3330 417 3410 spiritu
437 3320 706 3389 eoniunderetur.
750 3327 780 3388 8.
805 3324 891 3392 Quia
908 3325 977 3388 hue
992 3329 1164 3406 prasentia

72 3413 253 3490 corporalis
269 3415 435 3476 contraria
451 3421 499 3476 est
516 3412 704 3494 Scripturas.
727 3431 796 3496 qum
818 3411 926 3486 docet,
957 3410 1027 3490 (l)
1051 3410 1164 3487 Chris·

76 3495 146 3556 tum
175 3517 256 3571 esse,
279 3501 342 3579 qud
369 3499 547 3576 homiuem,
567 3498 706 3562 similem
725 3497 818 3560 nohis
840 3499 872 3558 in
889 3500 1051 3558 omnibus.
1094 3497 1164 3578 (2.)

78 3573 202 3645 Christi
219 3603 339 3666 eorpus
355 3587 484 3648 tanturn
496 3605 542 3650 ex
559 3585 661 3646 beata
678 3583 824 3662 Virginis
839 3579 1023 3644 substantii
1046 3582 1165 3660 torma·

74 3663 158 3744 tum,
182 3687 248 3731 nou
271 3673 406 3734 verbex
423 3668 516 3752 pane.
560 3669 629 3750 (8.)
654 3667 821 3732 Christum
839 3671 958 3730 habere
981 3687 1100 3747 corpus
1118 3668 1164 3729 vi·

73 3747 169 3829 sibile
185 3761 218 3816 et
234 3753 398 3836 palpabile
415 3755 496 3817 Lne.
510 3757 600 3818 xxiv.
612 3755 662 3817 39.
707 3753 776 3833 (4.)
799 3750 967 3814 Christum
978 3751 1166 3816 ascendisse

76 3831 108 3895 in
127 3841 257 3913 eoelum,
279 3859 318 3902 ac
334 3839 498 3922 reliquisse
514 3835 684 3900 mundum.
728 3838 797 3916 (5.)
821 3837 897 3902 Non
914 3838 1067 3900 debuisse
1081 3855 1165 3914 seme

76 3935 135 4006 per
146 3943 216 4008 esse
227 3925 261 3985 in
277 3921 374 3996 terri,
389 3931 433 3986 'ut
449 3941 619 4006 pauperes.
662 3921 729 4004 (6.)
747 3921 876 3984 Debere
886 3943 1017 3988 manere
1032 3925 1065 3986 in
1075 3920 1167 3998 stadt

79 4022 182 4089 usque
206 4007 248 4070 ad
275 4010 545 4074 restaurationem
568 4009 726 4082 omnium.
748 4006 825 4070 Aet.
840 4011 885 4070 iil.
901 4009 953 4071 21.
986 4009 1071 4086 (ἵ.)
1093 4007 1166 4078 Not

79 4107 145 4153 nou
163 4093 282 4157 debere
298 4097 335 4160 iis
352 4093 496 4168 eredere,
518 4095 574 4174 qui
592 4090 708 4155 mount
730 4089 771 4154 de
789 4089 933 4176 Christo,
957 4091 1043 4158 Eece
1059 4095 1095 4158 iri
1110 4094 1166 4156 dev

77 4183 162 4239 serto
172 4185 240 4252 est,·
258 4179 345 4244 Ecce
356 4181 392 4241 in
402 4177 622 4240 conclavibus.
645 4177 713 4256 (8.)
726 4175 796 4238 lma
807 4181 971 4258 contraria
982 4189 1031 4240 est
1045 4181 1166 4260 iisquoe

79 4259 165 4325 dixit
182 4263 343 4337 Christus,
364 4263 422 4327 lma
431 4263 593 4346 sociter'n
609 4265 883 4336 meimemoriam
906 4282 977 4345 qua
994 4263 1168 4344 jungenda

75 4363 157 4414 eum
178 4351 300 4437 iisque
316 4349 543 4431 dicitl’aulus,
565 4348 815 4417 ommmiabitis
828 4351 1023 4432 usquedum
1040 4352 1165 4415 smne.
