3032 4998
54 397 141 483 cop.
155 391 199 486 a]
461 415 508 468 na
531 417 649 470 vaano
671 419 744 474 nar.
806 401 810 410 '
1102 409 1145 476 tt

95 571 143 637 ll.
168 569 354 658 Multiplex
379 571 470 638 circa
496 576 702 664 scripturam
728 577 885 644 Ecclesiae
912 579 1059 646 officinm
1084 583 1145 644 est.
1185 621 1241 682 „ps

53 659 106 723 Ad
137 677 213 723 earn
245 662 333 722 enirn
362 662 527 742 pertinere
556 663 731 742 credimus,
767 666 793 728 l.
816 663 1066 731 Testamentum
1082 665 1147 729 hoc
1197 670 1216 692 ⁴³
1290 734 1296 742 ,

8 799 9 810 ,
53 745 207 809 divinum
228 763 357 808 summ
381 743 446 808 fide
460 748 638 826 custodire,
659 753 763 813 instar
780 753 911 828 notarii,
941 751 1147 836 apudquem
1188 741 1328 802 (λ’-Ὗ
1392 735 1397 758 ’

8 863 10 962 p
54 837 291 894 contractuum
317 833 537 896 instrumenta
559 833 782 918 deponuntur,
814 837 846 898 2.
870 835 1021 900 lndicare
1045 837 1146 900 libros

55 936 167 982 sacros
178 925 213 980 et
225 915 269 980 ad
280 915 353 980 illos
365 917 597 998 manuducere,
612 925 650 984 ut
661 919 829 986 Jolruance
841 921 963 986 iudeis
976 923 1146 986 Christum

56 1001 243 1080 indicabat,
278 1002 356 1064 tob.
372 1005 393 1066 i.
412 1001 464 1066 29.
502 1003 591 1086 Ecce
618 1025 732 1092 agnus
758 1005 835 1086 Dei,
866 1011 898 1072 et
926 1007 1147 1072 Samaritano

57 1089 217 1152 Messinm
233 1088 426 1152 concivibus
437 1090 514 1166 suis,
535 1089 613 1154 Jolr.
625 1094 673 1155 ir.
717 1093 748 1158 8.
773 1092 900 1157 verum
916 1099 951 1156 et
965 1095 1145 1176 genuinum

56 1175 126 1256 ejus
137 1193 273 1236 sensum
285 1177 423 1256 aperire,
438 1193 576 1258 eamque
588 1179 810 1260 interpretari.
852 1179 884 1240 4.
910 1178 1147 1242 commentitia

55 1271 89 1324 et
103 1259 211 1323 notha
222 1261 356 1342 scripta,
378 1262 513 1324 isauris
528 1267 562 1324 et
577 1266 751 1346 germanis,
772 1265 934 1328 canonica
948 1265 991 1328 ab
1006 1283 1147 1348 apocry-

57 1345 139 1430 phis,
162 1345 379 1428 distinguere,
403 1353 440 1409 ut
466 1347 597 1412 urbium
622 1349 768 1434 praelecti
790 1351 875 1432 regis
897 1351 945 1411 rui
963 1349 1149 1434 diplomata

57 1435 97 1495 ab
112 1431 309 1494 adulterinis
325 1430 544 1514 distinguunt.
588 1433 619 1496 a
644 1435 728 1498 Eam
745 1433 912 1500 vindicare
931 1434 974 1497 ab
993 1433 1147 1498 adversa·

58 1521 181 1580 riorum
209 1517 338 1580 cavillis
363 1523 396 1579 et
419 1519 628 1602 corruptelis.
672 1521 702 1582 6.
727 1519 922 1596 Doctrinnm
945 1525 980 1583 in
1002 1538 1146 1584 eccam·

60 1605 257 1688 prehensam
273 1605 375 1664 instar
391 1607 551 1686 preconis
565 1606 786 1688 promulgare.
1078 1627 1082 1630 ·

97 1689 162 1752 111.
174 1687 290 1772 Atque
306 1689 349 1750 ob
365 1707 420 1752 eas
432 1706 548 1754 causas
561 1689 712 1754 Ecclesia
723 1695 862 1754 vocator
872 1691 1026 1755 meamne
1040 1687 1145 1772 adfir-

59 1778 259 1838 nomentum
269 1775 455 1838 caitntiai
469 1774 574 1838 Panlo
587 1777 612 1840 l.
625 1775 712 1840 Tim.
723 1777 769 1840 iii.
789 1777 838 1840 lb.
878 1775 957 1839 Non
969 1781 1048 1840 sane
1058 1773 1147 1858 quod

59 1862 97 1922 ab
125 1859 283 1924 Ecclesia
308 1863 429 1922 veritas
452 1863 688 1925 auctoritatem
718 1877 812 1924 suam
837 1867 1020 1938 mutuetur,
1052 1861 1148 1944 quasi

59 1947 180 2028 absque
198 1943 357 2008 Ecclesia
379 1947 569 2010 testimonio
589 1947 683 2012 nulla
701 1953 786 2010 esset
804 1945 895 2030 apud
918 1966 978 2010 nos
998 1947 1147 2012 veritatis

58 2034 260 2108 anctoritas3
291 2029 350 2096 scd
370 2034 450 2116 quia
473 2031 625 2096 Ecclesia
639 2035 811 2096 veritatem
833 2031 1001 2116 predicat,
1024 2029 1148 2094 mundo

59 2117 205 2193 exbibet,
220 2135 338 2202 puram
351 2126 385 2180 et
396 2119 557 2182 sinceram
568 2121 698 2193 retinet,
714 2136 854 2202 eamque
865 2125 978 2182 tuetur
989 2115 1148 2182 adsersus

57 2201 186 2266 &tana
200 2212 236 2267 et
248 2203 363 2265 mundi
378 2201 570 2268 calumnias.
616 2203 715 2270 Unde
729 2207 756 2267 si
772 2203 865 2268 nulla
881 2209 966 2268 esset
983 2203 1146 2279 Ecclesia,

56 2287 200 2372 nullique
217 2289 263 2372 pii
278 2295 437 2372 pastores,
450 2293 506 2374 qni
521 2287 582 2353 sue
596 2291 830 2374 predicatione
840 2291 1014 2354 veritatem
1025 2289 1045 2351 d
1056 2294 1147 2352 tene·

57 2373 118 2437 bris
133 2381 171 2437 et
186 2374 355 2438 oblivione
370 2373 588 2454 vindicarent,
607 2378 719 2440 statim
735 2373 919 2452 mendacia,
933 2391 1072 2450 errores,
1087 2376 1148 2436 im·

55 2467 212 2542 postuma,
226 2461 485 2542 superstitiones,
501 2481 667 2546 omneque
677 2481 783 2546 genus
795 2461 990 2544 corruptele
1007 2477 1147 2540 regnum

57 2544 274 2610 vindicarent.
317 2545 447 2609 Alludit
472 2555 584 2630 autern
610 2547 745 2624 Paulus,
782 2545 810 2609 l.
833 2545 886 2608 rel
900 2543 944 2608 ad
964 2545 1147 2622 columnas,

58 2632 88 2692 in
114 2631 240 2716 quibus
267 2630 382 2696 sedere
408 2631 560 2698 solebant
586 2652 690 2715 reges,
716 2651 820 2714 quum
846 2627 973 2714 aliquid
1001 2627 1148 2694 solemne

57 2717 269 2798 prestabant,
292 2723 329 2780 ut
344 2717 390 2782 11.
404 2715 529 2782 Chron.
547 2719 589 2782 si.
609 2713 659 2782 18.
680 2737 754 2804 qua
776 2715 939 2782 columna
958 2733 1052 2798 reges
1075 2715 1147 2798 qui·

60 2801 131 2866 dem
148 2803 369 2878 sustinebant,
389 2809 424 2866 et
439 2805 570 2887 populis
585 2803 797 2881 exhibebant,
812 2802 868 2866 sed
890 2801 1016 2868 nullam
1032 2807 1148 2866 aucto·

58 2890 186 2952 ritatem
214 2891 292 2972 ipsis
314 2888 546 2968 conciliabant.
599 2891 705 2954 Juxta
729 2907 802 2952 eam
823 2889 1018 2952 allusionem
1039 2885 1150 2950 dicere
1221 2898 1226 2906 ‘
1315 2902 1343 2930 '-

59 2993 242 3056 possumus,
255 2976 426 3036 veritatem
442 2981 477 3038 et
492 2977 638 3058 reginam
654 2981 889 3058 representare
906 2975 1061 3049 Paulum,
1083 2971 1149 3034 Ec·

60 3059 176 3136 etesia,
199 3059 302 3122 veluti
316 3057 400 3122 solio
415 3065 450 3122 et
464 3060 627 3123 columne
637 3062 854 3134 insistentem,
876 3064 914 3120 nt
936 3059 980 3121 ab
994 3057 1149 3120 omnibus

60 3145 295 3228 conspiciatur.
338 3145 369 3208 2.
394 3142 459 3208 Vel
470 3141 513 3208 ad
524 3147 694 3208 columnae
706 3143 789 3218 illas,
805 3143 935 3226 quibus,
950 3145 1029 3204 ante
1039 3141 1149 3206 curias

61 3237 94 3294 et
116 3232 282 3314 pretoria,
310 3229 398 3312 leges
422 3236 457 3294 et
482 3227 618 3294 decreta
643 3229 854 3311 magistratus
876 3223 1010 3310 publici
1034 3229 1150 3290 aucto·

58 3318 157 3378 ritate
185 3314 471 3400 appendebantur,
501 3321 536 3380 et
565 3320 811 3400 programmata
840 3312 909 3376 sive
937 3309 1048 3375 edicta
1076 3308 1149 3374 ald·

59 3401 235 3485 gebantnr,
261 3407 300 3464 nt
315 3401 467 3464 omnibus
482 3403 739 3478 innotescerent,
762 3399 887 3482 dequo
902 3396 1065 3462 ridendus
1081 3395 1149 3460 De·

61 3487 251 3551 mosthenes
275 3492 310 3551 et
339 3487 533 3552 Athenaeus.
586 3485 694 3552 Testis
719 3487 807 3550 enim
833 3489 884 3547 est
906 3481 1148 3548 Demosthenes

60 3575 92 3636 in
107 3572 338 3658 antiquissimo
355 3571 478 3646 liaccbi
494 3572 644 3647 delubro,
666 3591 769 3656 prope
783 3587 874 3634 aram
892 3565 1070 3652 lapideam,
1091 3585 1147 3630 co·

60 3659 208 3724 lnrnnaru
222 3657 335 3734 inisse,
355 3661 389 3722 in
413 3676 482 3742 qua
501 3657 557 3722 lex
578 3660 760 3742 perscripta
779 3661 851 3719 erat
869 3653 911 3720 de
925 3672 1041 3731 uxora
1063 3653 1148 3730 cive,

59 3743 551 3914 leittttstiltlt
564 3735 1148 3908 tzitta?‘titlltrlt‘tltl

216 3877 225 3906 l
738 3873 748 3904 2

62 3915 137 3980 darn
160 3935 345 4000 appensum
370 3849 451 3980 {ddi8
468 3851 591 3998 ϊᾷιὲμ
613 3913 782 3998 quoddam
805 3911 999 3976 Alcibiadis.
1042 3909 1149 3974 Juxta

59 4001 144 4068 banc
152 4001 351 4068 allusionem
365 4001 548 4071 Ecclesiam
559 3999 748 4068 columnam
759 3999 907 4062 veritatis
918 3995 1001 4059 dicit
1012 3993 1148 4072 Paulus,

59 4091 135 4170 qnia
147 4091 269 4153 raritas
280 4087 329 4150 illl
341 4085 444 4152 saluti
454 4105 600 4172 appensa
612 4083 799 4149 bominibus
809 4083 996 4149 innotescit.
1033 4079 1148 4146 avet

59 4172 190 4238 tandem
215 4171 261 4240 ad
287 4173 527 4246 coenomia
554 4171 672 4255 quibus
696 4168 788 4253 apud
811 4167 964 4232 Gentiles
987 4165 1147 4231 salsorum

61 4255 194 4326 deornm
208 4261 373 4340 imagines
388 4257 620 4338 cernebantur,
645 4275 759 4322 eorum
774 4253 909 4320 oracula
926 4253 1149 4318 inscribeban-

61 4351 120 4427 tur,
143 4353 178 4416 st
202 4363 326 4414 eorum
350 4342 551 4412 simulachra
574 4341 841 4429 imponebantur.
885 4339 940 4406 Sic
964 4337 1147 4426 Apostolos
