3032 4998
370 489 405 560 lt
687 503 856 556 nrrsrunn
878 501 1131 554 nnurcnroum.

373 685 418 759 ad
448 683 672 786 Reipublicae
698 699 829 759 nustroe
855 683 998 757 clarum
1024 682 1167 775 sedetis,
1191 695 1229 756 et
1249 683 1459 760 Academia

371 807 554 898 Patronis,
566 801 780 898 Statoribus,
795 831 837 879 ac
853 805 1131 880 Maecenatibus.
1171 805 1257 922 lloc
1271 807 1460 925 debebam,

371 947 413 1010 ut
429 933 613 1034 patricius,
628 929 780 1004 Senatui
792 929 943 1029 inclyto,
961 929 998 1003 iu
1011 955 1084 1029 quo
1100 941 1154 1002 tot
1167 929 1257 1004 milri
1272 934 1460 1030 sangnine,

371 1071 409 1130 et
434 1054 619 1130 affinitatrs
648 1053 799 1128 vinculis
818 1053 1032 1151 conjunctos
1060 1052 1177 1160 video,
1193 1067 1229 1126 et
1256 1054 1357 1154 cnjus
1384 1081 1461 1130 nou

370 1180 424 1253 ita
440 1179 578 1280 pridem
591 1178 713 1278 alique
725 1201 806 1273 pars
818 1178 886 1251 fnit
900 1159 1220 1250 desideratissimas
1238 1176 1460 1254 dulcissimae

370 1305 557 1377 memorie
574 1302 721 1392 Parcus,
745 1328 852 1398 quens
871 1327 944 1388 nou
963 1299 1072 1376 semel
1091 1299 1289 1374 Consulem
1307 1317 1344 1374 et
1361 1300 1462 1376 Prae·

369 1440 487 1500 torem
507 1425 683 1498 urbanum
709 1421 799 1493 vidit
816 1425 895 1494 haec
918 1423 1075 1512 Civitas,
1090 1441 1173 1524 post
1190 1449 1272 1498 snos
1291 1425 1462 1524 majores.

265 1565 269 1574 ‘
370 1548 436 1624 Ad·
459 1551 529 1621 hoc
547 1549 692 1647 insuper
709 1543 946 1645 impellebant
971 1562 1151 1638 sexcenta,
1169 1549 1297 1646 quibus
1315 1574 1372 1621 me
1388 1550 1462 1622 im-

369 1687 567 1747 merentem
603 1669 799 1761 mactastis,
834 1667 1020 1757 beueficiu,
1053 1665 1142 1739 dnm
1171 1694 1229 1740 rue
1262 1671 1307 1746 ad
1340 1673 1463 1774 prima

369 1794 549 1872 Ecclesiae
570 1809 607 1870 et
634 1793 841 1870 Academia
868 1791 1021 1868 voeatis
1050 1791 1186 1882 munia,
1213 1816 1256 1871 ac
1285 1819 1343 1870 me
1363 1795 1463 1880 hanc

372 1919 582 1992 cathedram
610 1891 850 1993 conscendere
880 1915 1056 2007 voluistis,
1089 1939 1197 2014 qnam
1227 1933 1466 2018 occuparant,

374 2041 489 2138 (Proh
510 2041 630 2115 Deum
647 2039 891 2142 immortalem
905 2039 1084 2144 lQnunti
1111 2039 1179 2112 viri
1193 2039 1218 2134 l)
1247 2039 1465 2138 enerues,

371 2163 493 2255 Bran,
529 2163 671 2256 Feros,
701 2163 889 2256 Desarene,
924 2163 1151 2254 Daonnrus,
1182 2161 1465 2262 Tnoscnrnos,

372 2287 641 2378 Senanesnne,
660 2287 820 2384 Mon-os,
840 2289 1037 2381 Lenonos,
1049 2289 1347 2378 Mrsraazarns,
1363 2305 1466 2362 nter-

373 2437 441 2512 qne
462 2413 733 2504 Tonnnrrsus,
761 2412 853 2488 alter
871 2414 993 2504 Avus,
1011 2413 1103 2488 alter
1125 2415 1382 2504 Avuncnnus,
1399 2411 1467 2486 be-

370 2537 523 2612 nedictae
542 2537 631 2610 mihi
650 2554 687 2611 et
704 2535 871 2638 omnibns
890 2535 993 2608 bunis
1011 2537 1207 2626 memorie,
1225 2561 1270 2608 ue
1287 2535 1468 2636 conjonc-

370 2661 606 2753 tissimornm,
638 2676 675 2733 et
709 2649 995 2732 venerandorum
1033 2655 1269 2754 Collegarum
1306 2660 1469 2735 lrornina

370 2783 538 2878 referam,
565 2787 626 2884 qui
642 2785 700 2858 sni
726 2783 884 2865 nominis
908 2781 1016 2874 lamb,
1032 2795 1070 2854 et
1095 2779 1297 2854 eruditione
1320 2789 1472 2856 summa

371 2905 609 2981 Academiam
633 2922 795 2979 nostram
813 2905 1010 2979 illustrant.
1062 2905 1198 2978 Rursus
1224 2919 1396 3006 parerat,
1424 2923 1472 2983 nt

372 3053 481 3129 quam
512 3033 550 3126 lu
579 3031 761 3114 Athenaeo
785 3045 921 3120 nostru,
943 3053 1014 3131 pro
1048 3053 1204 3138 morere·
1230 3025 1468 3139 demerdato,

372 3151 615 3251 Theologinm
635 3153 744 3226 docni
759 3169 795 3225 et
813 3153 939 3240 doceo,
955 3151 1080 3222 vestris
1102 3149 1314 3245 subjicerem
1335 3131 1470 3229 oculis.

373 3275 549 3355 Vestrum
564 3277 662 3348 euim
680 3287 737 3348 est
754 3297 871 3364 nosse,
888 3270 974 3369 quid
989 3271 1084 3348 intre
1101 3271 1311 3367 Academias
1326 3291 1468 3352 nostrae

374 3396 555 3480 cancellos
572 3410 728 3494 geratur,
746 3421 791 3468 ne
816 3393 980 3480 hereses.
998 3407 1105 3494 etque
1121 3421 1272 3490 errores,
1288 3397 1355 3481 sub
1372 3423 1473 3498 qao-

373 3545 455 3598 rum
474 3519 743 3618 numeroque
767 3516 1021 3610 totuefaisrir
1046 3519 1143 3598 orbis
1161 3518 1404 3613 Christianus,
1426 3525 1470 3600 in

374 3643 470 3726 bunc
489 3641 690 3724 Ecclesiam
706 3643 893 3741 irrepant·
913 3640 972 3714 ad
989 3637 1090 3740 illum
1109 3644 1220 3746 enim,
1236 3643 1469 3744 prohdolor,
1502 3651 1503 3660 ’

375 3767 505 3850 urveti
517 3765 651 3854 fuimus
663 3781 821 3856 aetatem,
831 3768 901 3864 qud
910 3763 1082 3853 colluvies
1093 3767 1472 3868 emersitAtbeornm,

375 3893 614 3993 aliorumque,
636 3891 698 3990 qni
723 3891 856 3990 partim
883 3887 1035 3966 occultis
1055 3889 1231 3990 cuniculis
1262 3873 1472 3992 Religionis

376 4019 495 4092 omnia
521 4015 757 4098 fundamenta
786 4011 1007 4104 convellunt,
1033 4013 1164 4112 partim
1192 4031 1317 4115 aperto
1340 4013 1473 4096 Marte

377 4139 620 4237 Evangeliom
632 4135 1472 4242 impugnant,undesiedhncviveretPolycar-

378 4263 599 4365 puaddrio
615 4263 741 4363 procul
768 4259 985 4341 exclamaret
1011 4262 1264 4368 ingemiscens,
1286 4281 1329 4354 nt
1344 4265 1437 4344 olim
1453 4304 1468 4362 ς

381 4387 583 4480 “ODeue,
601 4385 743 4485 adquae
763 4413 826 4460 uos
845 4388 1033 4460 reservasti
1051 4387 1263 4486 temporal'
1457 4370 1459 4378 ¹
