2994 4996
47 445 169 534 capu]
504 461 551 514 na
573 463 693 516 tarsu.
1045 455 1101 522 161

45 621 100 686 ideo
114 622 285 703 peccatum
302 617 334 682 iu
351 617 510 701 Spiritum
525 618 684 686 Sanctum
701 625 904 703 perpetrasse
918 642 983 688 non
999 623 1104 690 credi·

47 727 108 769 nus.
148 707 179 766 ’1.
205 704 385 768 Peccatum
409 703 492 768 illud
507 723 573 768 non
589 725 659 768 esse
677 708 947 788 impoenitentiam
961 711 1104 788 finalem,

47 805 72 854 nt
83 789 216 854 credidit
231 789 460 870 Augustinus3
493 791 570 870 quia
585 791 714 873 reprobi
730 810 843 856 omnes
858 795 890 856 in
906 812 947 856 ea
962 799 1105 858 moriun-

44 889 92 952 tur,
105 879 158 958 qui
176 883 286 938 tamen
303 893 368 938 non
386 883 523 958 pomum
538 895 653 940 omnes
666 876 732 940 uici
745 895 882 960 peccare
897 882 930 942 in
946 879 1103 962 Spiritum

47 964 194 1024 Sanctum
876 997 880 1007 ·

78 1047 129 1110 lV.
152 1043 243 1113 Quid
266 1059 345 1124 ergo
364 1051 426 1120 est,
449 1043 601 1127 inquies?
644 1046 718 1110 Hoc
736 1066 832 1128 opus,
853 1048 909 1112 lrs'o
930 1049 1024 1114 lobcr
1043 1057 1103 1114 cst.

45 1133 271 1214 SiScripturam
281 1147 405 1195 sacram
418 1129 603 1203 audiamus,
620 1133 756 1213 patebit,
782 1137 808 1198 1.
826 1129 912 1198 Illud
928 1143 1104 1218 peccatum

44 1221 185 1280 conmitti
200 1217 242 1278 ab
258 1218 308 1292 iis,
330 1218 384 1296 qui
400 1226 607 1297 cognoscunt
623 1221 793 1282 veritatem
809 1223 1047 1302 evangelicam,
1061 1221 1105 1284 de

45 1305 187 1366 illisenim
204 1303 336 1374 dicitur,
366 1303 434 1381 (1.)
457 1302 534 1364 lllas
555 1303 653 1366 luisse
675 1305 891 1381 illuminatos,
914 1305 999 1370 Heb.
1015 1308 1103 1372 rial.

43 1387 118 1451 idest
129 1389 318 1468 cognitione
332 1385 500 1450 Doctrinae
511 1388 708 1469 evangelice
719 1389 873 1466 imbutos,
888 1409 928 1456 ac
942 1393 976 1454 in
994 1390 1106 1456 Cirris-

44 1471 114 1534 tlnni
138 1474 299 1554 reiigione
323 1473 501 1536 institutos.
544 1472 612 1552 (2.)
634 1473 797 1538 Gustum
820 1477 939 1540 donum
964 1477 1105 1542 ccclesia

44 1563 96 1636 (A)
115 1557 505 1637 Porticipesfoctoscssc
519 1557 671 1637 Spiritus
686 1562 813 1624 Sancti.
856 1563 926 1644 (4.)
942 1562 1105 1636 Quaeso

43 1642 279 1708 mmmccrbnm
289 1643 788 1726 Doieivrrlnlessrculisniurs’.
825 1648 893 1727 (5.)
909 1647 1104 1712 Aenean
1162 1648 1170 1658 '

46 1729 192 1792 Dicuntur
215 1726 384 1808 accepisse
404 1731 625 1812 cognitionem
639 1733 806 1807 collatas,
821 1733 893 1813 q'ure
909 1734 1021 1796 omnia
1031 1752 1107 1814 pro-

44 1815 106 1876 bant
129 1819 218 1898 ipsos
242 1817 289 1876 ita
312 1831 511 1894 cognoscere
536 1817 719 1878 veritatem.
746 1823 784 1876 ul
804 1817 846 1878 de
867 1817 938 1898 ejus
959 1818 1106 1883 bonitale

43 1903 163 1962 convicti
178 1902 256 1974 sint,
270 1897 353 1962 adeo
364 1907 401 1962 ut
413 1917 454 1960 ne
471 1900 595 1962 hiscere
607 1899 737 1980 quidem
749 1909 953 1966 contraeunt
970 1904 1109 1985 possint,

42 1990 173 2065 quamvis
199 1985 313 2046 velint.
357 1983 499 2046 alliud
525 1995 699 2067 peccatum
723 1988 885 2050 committi
911 1989 954 2050 ab
978 1991 1027 2062 iis,
1049 1989 1107 2070 qui

42 2071 166 2152 aliquam
184 2071 325 2152 Spiritus
341 2069 453 2132 Sancti
468 2072 608 2150 gratiam
623 2079 846 2153 acceperuut;
867 2079 902 2135 et
917 2073 982 2136 buc
998 2079 1109 2155 posset

43 2158 146 2232 reterri,
168 2153 262 2239 quod
283 2153 364 2218 dicit
381 2155 503 2218 Paulus
523 2157 710 2237 participes
724 2157 846 2237 sisciae
865 2177 935 2222 eece
955 2159 1108 2240 Spiritus

42 2243 153 2317 boanti,
175 2239 327 2324 quamvis
346 2239 388 2306 de
403 2239 497 2304 donis
514 2243 716 2304 miraculosis
732 2242 870 2325 intelligi
886 2246 998 2326 possit.
1042 2243 1110 2306 Ve-

42 2331 98 2390 rlm
114 2327 166 2392 bic
180 2327 436 2400 observandum,
459 2327 565 2390 rarias
586 2347 656 2390 esse
677 2331 799 2409 gratias
820 2329 962 2411 Spiritus
984 2329 1109 2402 Sancti.

41 2411 214 2496 Aliquando
235 2415 322 2476 enim
341 2411 533 2493 simpliciter
547 2421 678 2476 coercet
692 2413 831 2478 affectus
843 2421 1019 2478 mutuantes
1034 2433 1110 2496 pec·

41 2507 185 2574 curum,
209 2503 248 2560 ut
262 2499 283 2560 A
298 2497 508 2560 crassioribus
523 2498 668 2580 peccatis
682 2497 879 2574 abstineant,
894 2503 929 2561 et
938 2500 1026 2560 intra
1039 2517 1110 2563 cer-

39 2591 78 2646 tos
99 2584 286 2648 honestatis
306 2588 450 2646 externe
472 2583 591 2646 limites
621 2583 788 2664 reprimit3
814 2584 867 2646 ita
891 2585 1038 2656 coercuit
1065 2602 1109 2646 ex

42 2668 166 2754 laganis
189 2668 326 2734 multos.
370 2667 561 2750 Aliquando
583 2670 686 2750 magis
713 2667 815 2732 corda
837 2673 1000 2752 penetral,
1023 2674 1110 2732 elea

39 2759 194 2820 convincit
220 2753 263 2817 de
279 2753 418 2816 veritate
432 2760 466 2816 et
487 2753 635 2816 bonitate
649 2753 821 2834 evangelii,
842 2753 963 2821 additis
978 2757 1111 2818 motivis

40 2845 132 2914 variis,
153 2840 279 2924 quibus
293 2837 414 2902 adduci
430 2838 586 2902 deberent
607 2837 651 2902 ad
672 2838 754 2902 iliud
775 2840 827 2904 rel
842 2838 1110 2923 amplectendum

38 2927 78 2988 rei
93 2923 315 2992 retinendum.
360 2921 550 3005 Aliquando
565 2926 680 2986 intime
694 2925 879 3005 persuadet,
894 2925 983 2990 etad
998 2944 1118 2988 reram.

36 3018 237 3076 annualem
253 3009 357 3081 ducit,
377 3007 547 3090 solidaque
562 3007 788 3070 consolatione
802 3010 983 3091 pertundit.
1026 3009 1111 3072 Gra·

38 3099 102 3160 tiam
121 3107 241 3162 antem
264 3095 515 3158 convincentem
542 3095 708 3174 accepisse
730 3092 813 3168 illos,
833 3096 887 3176 qui
914 3097 1111 3176 peccantia

37 3183 183 3264 Spiritum
208 3183 382 3254 Sanctum,
408 3186 501 3262 patet
521 3197 564 3244 ex
585 3177 805 3260 descriptione
827 3177 932 3254 Pauli,
953 3178 1033 3242 dum
1055 3195 1120 3247 ecs,

35 3273 183 3348 gnatones
197 3267 320 3330 bonam
334 3265 469 3328 vetum
481 3267 538 3328 ait.
575 3264 606 3328 8.
626 3263 802 3328 Peccatum
815 3262 900 3328 istud
913 3283 984 3328 esse
997 3266 1111 3330 wion·

33 3355 159 3430 boma,
181 3349 308 3422 lamiae·
324 3369 461 3432 peccare
484 3349 565 3414 dicit
586 3349 719 3425 Paulus,
737 3348 821 3412 Heb.
834 3367 866 3410 x.
879 3348 933 3414 26.
954 3367 996 3412 ex
1011 3349 1112 3412 corde

35 3447 140 3503 contra
155 3441 274 3502 lumen
300 3437 518 3500 conscientie.
561 3435 593 3498 4.
619 3433 699 3498 Esse
720 3433 940 3498 delectionem
965 3435 1115 3508 totalem,

31 3533 59 3586 et
71 3526 334 3608 abnegationem
351 3524 507 3596 veritatis,
530 3537 629 3604 qnam
654 3521 819 3582 insinuare
835 3518 965 3584 ridetur
982 3519 1118 3592 Paulus,

32 3629 123 3690 quum
140 3615 193 3674 ait
211 3629 253 3672 eo
294 3609 485 3671 conculcare
509 3605 685 3678 Christum,
704 3606 884 3687 projboum
903 3607 1022 3669 ducara
1043 3607 1115 3686 ajars

30 3627 298 3780 sangninem&
319 3693 485 3773 spiritum
509 3690 668 3776 Sanctam
690 3693 886 3754 contumelio
901 3691 1040 3772 officere.
1085 3691 1117 3755 b.

31 3781 257 3864 conjunctam
268 3798 338 3842 esse
351 3779 435 3840 banc
447 3777 665 3840 delectionem
677 3795 752 3838 cum
762 3779 908 3840 veritatis
923 3780 1119 3854 conimaptu,

31 3867 108 3932 unde
123 3873 308 3948 comparat
323 3883 378 3926 eos
398 3863 519 3925 Paulus
534 3880 610 3924 cum
628 3862 676 3932 iis,
699 3863 753 3941 qui
770 3861 1030 3942 aspernabantur
1042 3859 1118 3922 Mo-

30 3957 63 4014 sis
78 3955 207 4036 legem,
229 3949 314 4012 fleu.
327 3949 423 4011 aas.
446 3957 480 4010 et
496 3947 612 4010 Enuuu
630 3945 704 4008 Heb
725 3947 781 4006 xii.
800 3946 844 4006 16.
864 3948 920 4027 qui
937 3948 983 4008 ita
999 3947 1118 4026 prirno-
1196 3963 1202 3972 ·

28 4043 216 4116 genituram
246 4053 339 4096 suam
367 4037 552 4102 contemsit,
577 4040 613 4091 ut
634 4048 711 4092 cum
727 4029 839 4092 edulio
854 4032 1119 4092 commutaverit.

29 4125 69 4186 lc
84 4123 174 4188 nibil
192 4119 291 4184 aliud
306 4119 477 4199 designare
493 4117 645 4178 sidentur
662 4115 729 4176 heo
753 4115 853 4176 verba
867 4117 935 4196 jam
959 4117 1064 4178 citata
1076 4113 1119 4178 dc

31 4207 277 4274 samaim
292 4203 377 4268 Filii
389 4199 465 4278 Dei,
487 4201 529 4264 de
552 4201 736 4284 sanguinis
750 4201 822 4280 ojus
836 4206 871 4262 ul
891 4201 942 4262 rai
958 4203 1117 4282 prosum

28 4291 291 4361 triatimctiorra
336 4287 366 4352 6.
390 4289 485 4352 ilium
508 4289 725 4369 contemptum
743 4285 959 4366 conjunctum
974 4305 1043 4350 esse
1058 4285 1123 4356 ali„

557 4387 582 4434 Μ
1078 4389 1083 4400 .
