3000 4998
47 443 210 536 an.14.}
396 497 399 506 .
440 459 488 514 ns
510 461 730 516 nunrsrosrs
1063 447 1133 518 m

85 621 222 698 Quinto,
243 616 486 684 mummium
504 621 674 704 jq'um‘um
694 611 922 705 quodraginta
947 609 1078 686 dierum
1093 621 1132 682 ie

46 708 185 783 deserto,
206 723 273 788 qno
289 705 449 770 miraculo
464 709 571 771 voluit
581 705 756 770 ostendere
772 705 933 783 Christus,
954 727 989 771 se
1003 723 1070 772 non
1081 709 1143 800 ¹¹²⁶.

47 796 197 858 teriorem
214 791 311 854 Mose
325 798 361 855 et
376 791 462 854 Elis

86 879 202 954 Sesto,
217 877 423 940 observande
433 875 704 940 testatiodisholi
717 879 751 940 in
761 875 879 941 eodem
893 876 1033 954 deserto,
1044 881 1135 960 post·

51 983 147 1046 quum
165 959 328 1039 Christus,
345 963 510 1044 jejunarit
524 969 559 1025 et
572 964 708 1026 esuriit:
731 970 783 1026 ter
797 965 884 1026 enim
900 981 1071 1048 aggressus
1085 966 1137 1024 est

50 1048 203 1114 disholus
228 1047 410 1122 Christum,
430 1047 489 1112 sed
513 1053 564 1110 tes
588 1051 697 1112 victus
722 1047 796 1122 luit,
828 1055 863 1111 et
887 1048 1009 1132 quide
1031 1051 1142 1130 primo

50 1135 182 1200 Adsmo
205 1132 479 1218 triumphaverat,
501 1133 683 1198 iucundo
704 1132 900 1196 debellatur.
946 1133 1007 1197 Hm
1033 1137 1144 1195 tentu-

53 1223 159 1285 tiones
173 1217 306 1294 docent,
363 1219 391 1280 l.
415 1219 453 1281 ln
469 1237 574 1300 quem
593 1219 720 1282 hostem
736 1220 832 1280 nohis
846 1221 888 1280 sit
910 1217 1140 1302 pugnandum,

53 1313 224 1390 postquem
241 1304 374 1367 Christo
397 1309 640 1366 sscrnmentum
660 1302 825 1366 diximus.¹
860 1303 892 1365 2.
915 1305 1044 1372 Quibus
1054 1303 1145 1386 {telis

54 1413 110 1456 nos
125 1389 298 1454 sdcristur
312 1389 462 1464 Sstonss,
484 1395 519 1448 et
533 1389 651 1468 quihus
669 1389 768 1450 ermis
783 1389 989 1470 superandus
1013 1391 1066 1451 sit.
1111 1389 1142 1452 ³.

58 1477 234 1542 Neminem
249 1475 456 1538 rsostlonem
472 1473 541 1534 sibi,
559 1471 721 1556 spondere
742 1470 864 1536 dehere
878 1475 923 1537 sb
938 1471 1004 1537 hho·
1017 1471 1148 1552 militis,-

57 1567 74 1627 i
89 1559 156 1646 qui
170 1581 233 1626 nec
249 1561 312 1622 Dei
327 1557 431 1620 Filius
446 1561 600 1620 immunis
616 1558 688 1620 init.

96 1648 256 1730 Septimo,
286 1641 493 1708 obserssnds
514 1643 717 1724 prcedicotio
740 1643 875 1720 Christi,
907 1643 972 1730 qut
992 1647 1145 1730 legemi

59 1733 149 1796 islsis
165 1732 405 1794 phariseorum
419 1729 623 1810 glossematis
634 1729 796 1805 liberarit,
817 1731 1011 1794 trsditioues
1026 1733 1149 1795 scribu-

58 1839 132 1882 rum
146 1817 364 1900 impugnavit,
378 1833 493 1878 eorum
506 1813 708 1898 hypocrisim
724 1822 758 1878 et
774 1816 963 1896 superbism
979 1819 1099 1899 arguit,
1114 1823 1150 1880 et

60 1905 171 1967 omnio
186 1901 347 1984 evangelii
359 1901 516 1984 mysterio
524 1898 694 1981 explicuit.
739 1899 792 1964 De
801 1897 840 1961 eh
852 1899 957 1964 insius
968 1903 1003 1965 in
1012 1921 1151 1984 sequen·

63 1991 150 2054 tibus
161 1989 320 2052 dicemus.
333 2036 340 2050 .

102 2075 242 2150 Octavi
273 2070 478 2136 observando
504 2077 582 2135 sunt
605 2071 765 2136 miraculo
797 2071 933 2148 Christi,
965 2076 1054 2138 ciros
1078 2087 1154 2156 qum

64 2159 259 2235 notandum,
304 2161 333 2222 l.
356 2157 506 2220 Numero
521 2157 620 2222 fuisse
647 2157 795 2239 infinita,
817 2158 893 2222 lch.
917 2161 990 2224 xxi·
1012 2161 1064 2224 25.
1116 2159 1149 2225 2.

62 2247 178 2311 Fuisse
193 2243 283 2310 isots
293 2261 404 2308 corum
417 2245 533 2308 multis
547 2243 697 2320 testibus,
712 2263 754 2308 ne
770 2247 933 2328 quesiisse
945 2245 1087 2310 lctebrss
1102 2243 1152 2309 (li-

61 2340 169 2408 cstnr,
191 2333 286 2396 eosic
301 2329 343 2394 oh
355 2331 588 2412 impostoribus
602 2349 637 2392 se
648 2329 853 2394 destinxisse.
897 2333 927 2395 3.
946 2329 1062 2396 Fuisse
1076 2336 1153 2396 uni·

60 2419 225 2492 versutio,
247 2420 280 2480 in
292 2433 407 2479 omnes
422 2423 601 2489 creaturos,
624 2419 657 2476 in
673 2417 834 2489 diabolos,
855 2417 890 2477 in
905 2435 1008 2491 murs,
1030 2421 1063 2480 in
1076 2437 1153 2482 osn-

64 2511 124 2580 tos,
148 2507 183 2566 in
195 2503 321 2585 pisces,
342 2503 375 2562 in
388 2519 507 2581 punse,
529 2501 562 2561 in
576 2517 706 2579 porcos,
730 2502 912 2579 inaquam,
932 2501 967 2561 in
979 2499 1097 2578 ficum,
1119 2507 1154 2566 in

64 2590 179 2652 omniu
197 2587 380 2652 morborum
394 2601 528 2665 genero,
549 2585 583 2644 in
599 2587 732 2644 mortem
754 2585 878 2664 ipsum.
920 2584 952 2644 4.
976 2585 1156 2666 Superesse

63 2681 155 2746 vires
169 2678 304 2737 sature
315 2675 347 2734 et
357 2667 519 2730 doemonis
527 2685 541 2739 ,·
564 2683 642 2728 nem
653 2664 782 2728 demon
794 2677 863 2728 non
873 2673 983 2750 potest
997 2672 1158 2736 suscitare

65 2767 245 2832 mortuum,
266 2775 329 2820 neo
354 2755 474 2816 sutisre
494 2753 642 2836 quinque
658 2752 798 2834 panibus
813 2751 919 2815 mults
933 2753 1036 2819 millis
1052 2755 1158 2821 homi-

67 2865 159 2910 uum.
204 2843 235 2904 o.
259 2837 372 2904 Fuisse
396 2855 486 2902 mero
510 2835 678 2918 immicis,
708 2837 918 2902 liberationes
942 2841 964 2904 i
989 2842 1094 2920 melis,
1121 2849 1157 2908 et

67 2925 287 2996 excitationes
301 2928 457 2998 hmorte;
478 2921 607 2984 duobus
622 2925 750 2984 tsnthm
763 2926 922 3005 exceptis,
950 2927 1158 2994 immissione

68 3013 274 3080 diabolorum
298 3012 335 3072 im
354 3025 482 3089 porcos,
503 3013 538 3070 et
551 3007 904 3086 maledictiomsflctis5
930 3015 1064 3074 tertium
1079 3013 1161 3076 sudi

70 3105 192 3184 potest,
214 3115 334 3178 nempe
360 3093 474 3176 &sotio
498 3093 746 3154 moestorum
767 3095 908 3173 templo:
930 3095 977 3158 sio
1002 3095 1159 3161 distinctu

70 3187 209 3250 inerunt
223 3179 383 3245 mirsouls
400 3177 524 3240 Christi
538 3179 558 3238 h
570 3175 735 3237 miraculis
745 3175 849 3241 Musis
861 3187 895 3239 et
907 3175 1161 3260 Prophetarum,

72 3291 142 3355 quse
157 3267 300 3332 terrihcs
314 3270 420 3338 erunt,
442 3269 480 3325 nt
495 3261 682 3346 plurimrlm.
726 3267 758 3324 6.
783 3260 944 3324 Habuisse
956 3261 1073 3350 effecto
1084 3285 1161 3350 per.

74 3357 256 3430 musantia,
278 3371 344 3416 non
361 3357 592 3414 momentonea
616 3356 649 3410 et
665 3348 732 3410 cito
756 3351 998 3413 evanescentis.
1042 3349 1071 3414 7.
1095 3351 1161 3418 Mi·

76 3442 191 3506 rsculs
210 3441 325 3502 iecisse
344 3441 430 3520 srepe
448 3437 549 3497 unico
571 3431 683 3508 verbo,
721 3431 802 3496 Volo
824 3435 1010 3500 mundator.
1034 3435 1159 3504 Mutth.

76 3529 141 3590 viii.
158 3529 190 3590 ³.
234 3525 320 3588 Aliis
342 3526 537 3606 potestatem
555 3517 714 3581 miraculo
730 3518 869 3582 inolendi
886 3521 1014 3585 dedisse
1041 3526 1074 3586 in
1097 3528 1162 3588 'sno

77 3613 222 3687 nomine,
245 3607 367 3672 Motth.
382 3625 420 3670 κ.
433 3609 462 3670 8.
488 3605 614 3668 huc-x.
631 3607 661 3667 9.
715 3604 790 3668 Hoc
808 3625 908 3668 rrnnm
925 3606 1056 3686 eddam,
1079 3629 1162 3672 nun·

79 3717 177 3781 quom
193 3697 257 3778 legi
274 3693 443 3758 Christum
454 3694 486 3754 in
500 3692 667 3774 proprium
677 3691 886 3754 commodum
901 3696 1059 3757 miraculo
1069 3693 1163 3758 lecis-

79 3803 124 3858 se,
146 3787 399 3847 et'esurientem
426 3779 503 3840 licet
525 3795 566 3839 so
590 3778 766 3851 sitientem,
788 3781 938 3859 quumvis
962 3781 1024 3864 ipsi
1050 3797 1164 3846 omnes

81 3869 340 3952 obsequerentur
351 3870 519 3936 oresturae,
540 3879 606 3924 non
623 3861 822 3938 eliotsmen,
844 3867 942 3945 quim
960 3873 1163 3930 natnrre'mn·

83 3951 179 4017 nihus
194 3949 472 4026 siheri-voluisse3
493 3950 580 4010 sicut
594 3947 681 4008 enim
694 3948 728 4008 in
738 3947 878 4011 eliorum
895 3949 1016 4013 bonnm
1033 3957 1163 4018 tnnthm

29 4063 31 4116 ᾗ
83 4046 228 4112 senessi,
249 4040 297 4100 its
313 4036 482 4099 hominum
498 4029 679 4094 commodis
692 4033 790 4094 unice
804 4035 982 4097 inservivit.

29 4125 30 4128 ’
126 4115 1165 4200 Nond,ohservunrlstranshgnmticchristi,narranteMotthmo

82 4213 158 4358 l
175 4207 287 4361 up
302 4203 569 4358 istriis:
585 4201 921 4354 illusisti

156 4313 205 4360 sos
258 4315 309 4373 ,o
990 4313 1031 4360 rrs
1048 4319 1067 4361 o
1084 4319 1163 4384 prse-
