3000 5006
51 435 120 520 cup.
137 432 198 522 o:]·
350 453 397 504 nn
420 454 624 506 vocenroun
647 455 692 506 nr
714 455 806 506 rrnr.
1064 445 1127 512 293

50 604 173 684 emergit
183 601 346 684 gaudium
366 606 470 670 molto
485 607 628 672 nobilius
642 625 682 672 ac
698 606 835 670 solidius
857 625 899 671 ex
917 625 1032 674 amors
1054 629 1139 696 pre.

50 691 288 754 tiosissimarum
301 693 491 766 veritatum,
514 701 549 756 et
563 712 606 756 ex
620 713 678 774 spe
693 701 785 756 certa
801 693 922 774 glorier.

85 773 200 842 Quosd
216 781 378 859 nonposstu
393 776 468 840 fidei
486 779 598 860 quod..
610 779 768 860 Septimo,
790 784 840 840 est
862 779 1128 861 expendendum,

50 869 114 922 snut
128 863 230 922 saria.
283 861 309 924 l.
334 861 523 938 Dudilutio,
545 882 615 948 quse
630 871 680 924 est
695 866 866 945 suspensio
887 882 1048 942 assensus,
1069 887 1127 930 seu

51 943 258 1010 bnsitatloda
277 947 376 1010 rebus
397 947 527 1012 divinis.
572 947 636 1012 Illa
659 947 823 1016 dubitatio
844 955 895 1012 est
918 951 970 1012 rol
992 949 1034 1012 de
1058 957 1131 1014 tota

50 1029 195 1111 reiigione
213 1031 419 1108 Christiana,
442 1033 495 1096 rel
516 1033 557 1097 de
572 1035 732 1116 singulari
758 1035 869 1116 aliquo
885 1033 1053 1116 dogmate.
1097 1035 1131 1100 2.

50 1113 281 1192 luorcdutc'tae,
302 1118 437 1200 quando
452 1122 524 1204 quis
535 1121 665 1182 ueritati
677 1119 796 1182 divinus
807 1121 957 1183 assentiri
968 1119 1141 1203 consult„

48 1201 73 1264 3.
94 1200 301 1282 lnfidelitas
324 1203 457 1287 quaudo
473 1207 544 1288 quis
559 1225 626 1268 non
643 1197 750 1268 cr'edit
765 1206 950 1282 veritatem,
963 1209 1053 1290 qula
1069 1207 1132 1289 ipsi

48 1302 100 1347 nou
116 1296 164 1350 cst
180 1289 344 1352 revelata.
387 1291 418 1352 4.
443 1288 653 1372 Ddffidrmlr'a.

83 1370 138 1434 lv.
162 1372 298 1438 Verum
317 1372 519 1438 blcnecesse
534 1385 584 1438 est
600 1377 786 1452 observare,
807 1393 920 1440 reram
935 1373 1035 1438 fidem
1050 1375 1131 1440 bab-

49 1473 93 1520 ere
112 1459 219 1522 varios
234 1460 385 1542 graduss
407 1460 533 1524 aliaest
546 1459 665 1540 fimus,
686 1461 753 1524 alia
773 1458 919 1542 infirma
965 1459 1064 1524 Fides
1079 1463 1131 1525 in·

43 1537 133 1616 ,duno
148 1543 290 1621 dicitur,
316 1546 343 1608 l.
361 1547 434 1612 illu.
446 1565 518 1629 qum
534 1547 721 1610 rudimenta
733 1550 861 1610 tantum
879 1547 1010 1629 pietalis
1026 1550 1132 1622 norit,

48 1627 112 1688 tulis
126 1631 438 1694 erstllcbraeorum
454 1632 496 1694 ad
513 1651 592 1716 quos
609 1634 756 1716 loquitur
772 1631 908 1708 Paulus,
923 1631 1026 1695 Hebr.
1042 1634 1085 1694 ri.
1102 1633 1130 1694 l.

48 1710 156 1791 aluo,
171 1736 248 1799 qum
260 1715 403 1798 slioujus
423 1716 588 1800 dogmatis
600 1720 800 1782 momentosi
811 1719 1035 1800 cognitionem
1048 1736 1132 1780 nou·

48 1795 115 1859 dum
129 1800 261 1884 adepta·
273 1809 334 1876 est,
357 1807 404 1864 ita
419 1805 475 1886 qui
493 1801 535 1866 de
556 1802 709 1866 libertato
732 1799 921 1866 Christiand
942 1821 1010 1864 non
1034 1803 1133 1883 plane

49 1885 904 1962 erantedocti,dicunturiudrmiinfide,·Rom.xiv.2.
917 1887 1006 1950 xr.l.
1033 1885 1131 1950 lCor.

50 1969 103 2030 rili.
123 1971 152 2051 9,
165 1973 220 2036 to.
259 1965 406 2050 ¹bullica,
440 1993 512 2056 qum
533 1975 725 2056 imperfecte
741 1971 929 2036 admodum
951 1974 1130 2035 assentitur

51 2051 80 2114 iis
93 2074 161 2136 qum
178 2057 277 2122 Deus
292 2059 388 2122 nobis
405 2059 572 2134 revelavit,
596 2059 671 2122 talis
685 2067 757 2121 erat
772 2058 851 2122 fides
867 2057 1026 2135 Martio,
1048 2057 1129 2122 lou.

50 2137 84 2200 xi.
101 2141 148 2204 ll.
192 2144 227 2208 4.
254 2145 335 2222 ltin,
357 2163 515 2227 quocum
533 2142 1002 2222 multisdubiiscodllictutur,
1025 2142 1132 2208 utillo

52 2219 144 2292 Patris
164 2226 363 2294 dmmouiaci
387 2230 486 2306 illius,
511 2229 642 2314 dequo
670 2229 778 2294 Marc.
805 2233 849 2296 ix.
877 2227 930 2292 22.
985 2231 1016 2292 6.
1046 2227 1132 2305 llio,

51 2325 110 2388 quo
134 2319 265 2378 temere
281 2317 413 2400 ‚absque
437 2318 507 2380 ullo
529 2317 744 2380 fundamento
771 2321 937 2398 concepto
958 2321 1018 2390 est,
1034 2313 1133 2397 'uude

51 2393 199 2462 instabilis
225 2407 287 2464 εει.
331 2399 606 2481 Atfidesjirmo
627 2407 678 2463 est
704 2419 832 2468 eorum.
854 2402 909 2480 qui
931 2417 1069 2479 magnos
1096 2403 1132 2462 iu

50 2485 231 2560 cognitione
246 2485 410 2566 evangelii
427 2487 576 2548 iecerunt
589 2502 792 2566 progressus,
807 2484 865 2564 qui
877 2481 1132 2544 firmiterasseu·

49 2563 166 2630 liuntur
183 2570 381 2632 veritatibus
405 2569 617 2650 evangelicis,
639 2576 673 2632 et
695 2565 829 2630 Christo
852 2565 999 2648 perfecte
1021 2565 1133 2644 udbssq

48 2659 119 2800 nrant.
167 2651 248 2716 Alia
266 2651 348 2718 ddes
362 2659 419 2718 cst
441 2654 683 2736 iuoijdentium,
704 2651 771 2716 alia
789 2651 1043 2736 proficientium,
1065 2649 1133 2716 alin

78 2736 242 2802 ultorum.

469 3109 625 3176 CAPUT
649 3107 693 3174 V.

396 3279 445 3338 De
463 3279 674 3339 Perreurrustid
683 3279 767 3358 fidei.

85 3437 112 3504 l.
133 3441 240 3510 Vsus
258 3441 342 3507 ddes
357 3464 486 3528 semper
506 3449 707 3529 perseverat,
729 3461 791 3506 nec
805 3458 847 3505 ea
869 3457 1016 3525 unquam
1039 3441 1134 3504 amit·

54 3521 130 3589 titur.
179 3531 207 3594 l.
230 3529 405 3606 Probatur,
427 3533 504 3616 quia
529 3530 646 3594 eodem
673 3527 774 3594 modo
800 3526 1065 3592 ratiocinandum
1093 3522 1134 3589 de

49 3603 108 3680 fido
126 3631 165 3676 ac
180 3615 223 3679 de
248 3617 415 3693 eloctione,
437 3615 599 3699 siquidem
621 3615 701 3679 fides
717 3631 796 3678 vera
816 3613 1029 3678 est-effectus
1048 3611 1134 3686 elec,-

54 3691 156 3776 tionis;
187 3708 226 3764 at
241 3701 412 3766 electionis
433 3701 604 3766 consilium
626 3709 676 3764 est
691 3699 907 3776 immutabile,
921 3706 968 3763 ut
982 3697 1135 3781 probari·

54 3791 125 3847 mus.
166 3787 199 3850 2.
223 3785 314 3854 Quis
332 3789 358 3852 si
381 3787 461 3852 fides
481 3793 591 3870 posset
616 3787 735 3858 emitti,
744 3786 869 3862 j'oedus
887 3786 1015 3868 gratita
1037 3781 1134 3864 cujus

53 3857 122 3929 fides
136 3879 184 3935 est
201 3871 360 3942 conditio.
383 3891 483 3956 quam
501 3871 596 3935 Deus
618 3873 651 3934 in
668 3871 763 3934 nobis
779 3877 931 3954 prestere
946 3867 1135 3952 pollicetur,

55 3961 150 4023 nosset
164 3959 265 4022 etium
285 3957 438 4038 abrogari
454 3961 607 4039 respectu
630 3955 762 4018 illorum
779 3957 835 4037 qui
857 3953 993 4020 credere
1008 3952 1135 4030 desino·

56 4044 136 4114 reut;
155 4051 192 4107 at
208 4041 313 4107 ludus
327 4045 441 4125 gratim
456 4047 507 4104 est
522 4058 656 4124 quoquo
671 4040 888 4118 immutabile,
911 4055 1134 4120 necunquam

55 4125 179 4192 rescindi
203 4133 323 4212 potest,
345 4135 383 4192 ut
405 4127 611 4192 notissimum
627 4133 688 4200 est,
711 4128 758 4190 sic
780 4127 867 4190 enim
883 4123 1136 4208 distinguiturd

56 4198 161 4274 luders
184 4233 336 4298 operum,
358 4213 447 4298 quod
473 4215 600 4277 irritum
625 4210 750 4277 sactum
773 4219 833 4274 est.
878 4211 1035 4296 Pangarrr
1059 4225 1134 4274 cem

52 4285 218 4374 lusuros
229 4305 399 4379 mum,
420 4318 471 4366 rna
486 4317 553 4367 non
570 4316 774 4366 ncessurum
788 4297 831 4366 ab
846 4298 894 4364 iis
908 4303 945 4363 ut
958 4293 1133 4380 benefact-
