2994 4996
25 427 105 512 vop.
123 425 169 512 1.]
423 437 470 490 or
491 439 702 492 caasrroua.
1056 429 1116 496 loo

22 596 905 682 morpatordeiir,qureexmateriaaliqoalaotasunt.
929 599 1110 679 Gen-issi,

25 685 71 744 27.
105 684 160 746 lta
174 703 277 765 quum
294 683 345 746 Ps.
359 683 412 746 cii.
430 685 477 750 19.
490 683 766 766 diciturpopotoa
776 685 835 766 qui
846 686 1023 761 creabitur,
1035 689 1110 750 too·

25 769 113 832 tobit
141 767 333 844 Mirtum,
354 776 386 831 et
406 769 606 834 Parin-⁹10.
628 771 662 832 ai
682 771 800 834 mittor
822 769 989 851 Spiritum
1003 776 1110 849 tuum,

26 859 194 926 orantur,
212 873 309 918 nemo
324 856 446 935 estqui
472 855 505 918 in
531 855 580 917 bis
596 853 688 928 locis,
709 857 848 936 aliisque
863 855 1031 930 similibus,
1053 877 1110 920 ro·

27 939 278 1006 σωκ-13111111
290 938 483 1020 significare,
505 942 604 1023 qoam
616 959 658 1003 ex
675 940 777 1004 nihilo
789 943 908 1015 tacere,
930 943 1032 1024 probe
1041 962 1108 1007 non

28 1026 153 1087 mutiat.
199 1023 292 1088 Idem
308 1023 446 1088 dicimus
461 1025 503 1090 de
519 1045 600 1088 voce
615 1021 705 1107 aricio,
728 1045 798 1108 qum
814 1025 995 1106 quamlibet
1009 1031 1107 1090 stiam

27 1113 66 1172 rei
78 1108 335 1192 productionem
347 1115 452 1174 notat.
497 1109 563 1172 Hic
575 1129 639 1172 non
653 1113 777 1192 pigebit
787 1111 987 1187 observasse,
993 1131 1108 1176 rocem

25 1199 123 1276 ipsam
133 1213 246 1258 oreore
259 1195 464 1270 Latinorum,
471 1213 538 1258 non
549 1196 950 1278 prociseqooquesliquid
958 1216 1000 1260 ex
1008 1198 1112 1260 nihilo

29 1280 208 1360 producere
230 1279 423 1362 significare,
445 1283 511 1344 imo
536 1279 682 1342 dubitari
707 1301 812 1362 posse,
833 1299 875 1342 an
895 1299 1035 1364 unquam
1061 1285 1110 1347 ita

30 1366 330 1428 Launisnmserint.
375 1364 494 1428 Creare
505 1365 596 1448 aplrd
607 1385 662 1428 eris
673 1367 792 1440 est,rel
800 1369 950 1449 gignere,
963 1368 1110 1449 utsorteo

30 1450 347 1532 orontorsortiboa,
369 1451 434 1526 vel,
454 1451 684 1532 quoquomodo
698 1453 838 1532 j'occm
862 1451 914 1513 rel
937 1455 970 1514 in
993 1453 1107 1538 digni·

32 1540 94 1600 tote
108 1537 228 1616 aliquo
243 1537 448 1610 constituere,
470 1539 523 1598 ito
545 1537 655 1597 cruori
678 1539 826 1601 romolos
850 1539 911 1600 dc.
928 1536 1106 1615 dicuntum

31 1622 76 1684 rel
92 1641 232 1684 causam
241 1639 312 1684 case
326 1620 467 1701 alicujus
482 1623 539 1695 rei,
560 1623 607 1682 ita
616 1639 786 1684 moronus
797 1639 909 1684 meare
923 1621 1035 1698 alicui,
1045 1627 1106 1688 etc.

69 1706 130 1770 Vl.
152 1706 245 1768 Ante
270 1704 356 1767 hanc
371 1706 567 1768 creationem
592 1713 707 1786 prester
734 1707 844 1768 Deum
865 1709 999 1772 omnino
1022 1710 1104 1772 nibil

31 1791 97 1854 luit.
143 1789 294 1854 Mundus
308 1791 422 1872 itaque
433 1796 572 1852 eeternus
584 1808 649 1851 non
661 1785 732 1863 est,
744 1809 805 1852 nec
817 1795 963 1868 materia,
984 1812 1027 1854 ex
1042 1793 1108 1876 qul

31 1876 167 1938 mondus
194 1878 415 1956 componitur.
461 1875 549 1938 lllud
575 1895 617 1937 ex
642 1869 738 1936 variis
754 1879 955 1956 argumentis
976 1879 1108 1959 probari

30 1969 142 2044 potest,
166 1979 233 2024 non
251 1959 350 2023 modo
375 1979 418 2022 ex
444 1959 623 2041 Scriptura,
645 1979 717 2040 quie
745 1960 867 2042 ubique
883 1960 980 2024 docet
997 1963 1106 2027 Deum

31 2047 142 2110 colum
158 2053 195 2110 et
209 2055 341 2120 terram,
363 2047 429 2108 imo
445 2047 556 2108 omnia
567 2063 692 2108 creasse
702 2049 736 2106 et
747 2043 880 2127 quidem
896 2049 929 2108 in
945 2049 1107 2130 principio

32 2133 107 2196 Gen.
124 2135 148 2196 i.
166 2131 193 2194 l.
215 2131 322 2213 Apoc.
334 2133 378 2194 ir.
397 2131 445 2204 11,
468 2129 524 2192 red
541 2149 583 2194 ex
597 2131 738 2200 ratione,
761 2149 832 2212 qum
847 2131 956 2207 docet,
979 2135 1104 2198 utalibi

33 2219 285 2292 observavimus,
305 2215 484 2278 absurdum
510 2235 590 2289 esse,
612 2217 680 2278 enti
704 2215 997 2299 imperfectissimo,
1018 2237 1106 2283 sum·

32 2323 107 2366 nem
134 2304 287 2366 omnium
304 2301 538 2382 perfectionem
559 2301 722 2374 tribuere;
743 2306 778 2363 et
802 2305 1017 2368 eternitatem
1037 2325 1107 2370 esse

33 2392 261 2472 proprietatem
287 2387 406 2450 summi
431 2389 584 2460 numinis,
614 2405 683 2469 qna
703 2386 854 2450 omuibus
878 2389 950 2452 aliia
976 2393 1108 2454 entibus

33 2474 263 2538 communicari
279 2474 402 2555 nequit.
446 2469 681 2534 AEtcroitotero
692 2468 805 2533 mundi
820 2475 903 2534 tueri
919 2489 985 2538 non
999 2477 1106 2540 minda

33 2561 215 2634 ridiculum,
236 2577 279 2622 ne
294 2555 401 2620 dicam
413 2557 561 2637 impium,
582 2558 679 2638 quem
691 2573 844 2632 asserere,
866 2557 1107 2626 mundumerse

36 2645 150 2724 Deum,
176 2651 215 2708 ut
227 2643 295 2718 ille,
313 2644 371 2726 qui
386 2642 527 2723 scripsit.

181 2803 292 2880 Jupiter
304 2809 355 2872 ert,
377 2802 552 2879 quodamque
564 2803 647 2872 aas,
669 2819 833 2878 quocumque
846 2807 965 2864 moueris.

72 2951 152 3020 vll.
179 2953 253 3018 Nec
275 2953 376 3028 dicas,
403 2953 513 3016 Deum
529 2951 570 3014 ab
585 2957 707 3015 reterno
723 2949 906 3017 condidisse
921 2960 1107 3039 materiam

34 3040 105 3104 illud
122 3041 248 3125 quippe
262 3037 556 3102 contradictionem
579 3037 746 3119 implicat;
768 3058 875 3119 neque
895 3043 981 3104 enirn
997 3048 1106 3110 couci·

36 3129 134 3206 pimus
147 3145 218 3188 rem
228 3123 371 3206 aliquem
385 3123 500 3200 creari,
522 3127 555 3184 et
567 3125 675 3182 temen
686 3141 751 3184 nou
764 3124 907 3204 incipere
916 3143 1001 3188 esse:
1018 3133 1106 3210 quio·

36 3213 104 3292 quid
118 3215 234 3276 autem
250 3211 390 3272 existere
404 3207 539 3290 incepit,
560 3211 717 3268 aeternum
733 3213 887 3268 nonest·

72 3297 173 3362 VIII.
198 3295 487 3377 Compluresiuter
501 3291 649 3354 ethnicos
664 3292 807 3354 saniores
823 3289 981 3358 mundum
998 3300 1018 3359 1
1033 3297 1107 3364 Deo

35 3383 201 3446 conditum
218 3373 288 3444 e'sse
302 3381 518 3460 agnoverunt.
563 3376 658 3439 Plato
675 3375 784 3440 Deum
801 3375 885 3442 dixit
899 3399 968 3444 esse
983 3393 1109 3466 aspect·
1140 3441 1142 3448 ,

35 3467 131 3532 obitis
150 3467 270 3530 mundi
282 3463 441 3546 opificem.
488 3461 675 3525 Phoenicum
701 3465 895 3528 sententiam
911 3485 1008 3548 super
1024 3475 1110 3552 prin.

35 3555 114 3636 cipio
137 3571 246 3617 rerum
263 3551 422 3633 explicuit
437 3547 682 3612 Sanchoniaton
700 3547 855 3612 Mosaicoe
870 3548 953 3614 adeo
975 3573 1109 3620 consen·

37 3645 178 3712 oneum,
202 3644 237 3698 ut
254 3634 358 3698 Mosis
373 3634 471 3696 libros
497 3633 612 3716 legisse
627 3632 822 3710 rideantur;
844 3635 1053 3721 etAEgyptii,
1074 3653 1112 3708 ut

36 3724 146 3788 mundi
173 3721 331 3806 originem
360 3717 604 3793 edumbrarent,
635 3717 743 3780 Deum
770 3719 917 3802 opificem
948 3723 1110 3808 Gnephum

36 3829 129 3874 orum
158 3827 216 3872 ore
245 3811 482 3888 conspuentem
512 3803 701 3886 pingebant.
766 3803 902 3886 Epicuri
928 3807 1112 3877 Sectatores

38 3895 144 3960 mundi
156 3893 374 3958 eternitatem
390 3889 647 3972 impugnabant3
670 3887 756 3950 unde
772 3887 945 3956 Lucretius
955 3893 1009 3960 lib.
1025 3917 1056 3961 r.

236 4069 385 4090 ........
395 4025 428 4082 Si
440 4025 596 4098 aollcsoit,
616 4024 744 4098 genitalis
756 4025 834 4098 origo

237 4109 393 4175 Terrarum,
413 4114 441 4164 er
448 4107 523 4173 ooli.
536 4121 691 4180 semperque
702 4103 908 4176 omasum.-

235 4189 292 4244 Cur
303 4205 388 4262 supro
400 4187 499 4246 &aare
516 4183 662 4258 lidorum
675 4183 812 4258 asuero
829 4183 915 4259 Trojae

234 4269 300 4328 Noa
313 4269 383 4328 otior
395 4269 446 4330 otii
455 4283 560 4344 quoqne
571 4283 613 4326 rer
626 4267 744 4326 croam
758 4263 870 4324 Protei
