3000 5006
20 439 25 500 i
66 404 162 615 {cop
179 463 220 552 sl
389 479 436 529 ns
457 476 662 530 voonrrors
684 477 728 528 nr
749 479 841 531 rins.
1098 465 1160 530 283

67 628 130 739 ius,
148 635 208 699 sed
228 653 364 718 qaorum
387 637 460 700 uult
484 639 626 712 tantem,
653 636 750 698 Rom.
771 637 816 698 ix.
841 635 888 696 18.
933 635 1015 700 Solis
1034 636 1150 700 electis

65 750 69 787 ι
89 721 266 784 conceditur
284 721 351 783 lrorc
361 724 478 804 gretia,
494 725 611 805 quibus
622 719 721 783 datur
735 720 879 795 credere,
891 727 924 784 et
940 727 992 804 qui
1014 723 1150 785 treban-

65 790 167 895 ituri
184 805 287 868 Patre.
335 805 423 878 Quos
449 805 542 870 Deus
563 807 796 891 praecognovit
817 825 871 868 soe
895 812 1038 882 uocauit,
1056 809 1151 871 Rom.

63 900 67 971 l
87 893 144 954 riii.
159 891 207 953 29.
250 891 280 958 4.
304 891 463 974 Operatio
482 897 595 974 gratie
616 897 649 954 in
672 889 886 954 conversione
906 903 1017 954 nostra
1034 901 1151 974 partlm

63 981 227 1051 froccus,
253 964 372 1062 partiris
390 981 512 1062 ignote,
539 979 627 1039 miris
653 987 687 1040 et
711 975 823 1061 sitiisse
850 977 956 1038 modis
985 987 1151 1059 operetur,

57 1100 62 1177 p
86 1081 162 1208 ἕως.
172 1063 423 1210 ηοδὶερετῐοοὲἑ
438 1066 575 1206 scrutari
589 1060 784 1210 sanguin&
826 1063 856 1122 5.
883 1061 1153 1208 uDeusDconrertit

107 1167 221 1210 omines
258 1167 382 1228 erprce
408 1167 584 1212 ccasoaem
603 1167 661 1211 uer
698 1195 705 1210 .
786 1165 838 1210 eur
863 1167 882 1208 o
908 1167 938 1210 m
997 1165 1152 1210 eussem·

105 1251 134 1294 er
147 1167 337 1313 egeldrodo
353 1237 477 1296 naturas
494 1235 645 1296 rationali
668 1235 888 1305 convenienti,
904 1241 937 1294 et
959 1251 1037 1294 curn
1055 1233 1154 1314 juxte

81 1251 221 1392 doulam,
238 1319 336 1382 Rom.
354 1339 386 1382 x.
409 1321 452 1380 ll.
462 1317 554 1399 fides
569 1322 616 1383 sit
630 1339 671 1381 ea
685 1320 816 1392 auditu,
835 1320 974 1381 auditus
988 1338 1033 1381 ea
1044 1318 1153 1394 verto,

87 1409 252 1478 peeesrsrid
266 1403 369 1467 debet
392 1407 526 1468 verbnm
545 1406 723 1487 predicari.
768 1405 847 1466 ldeo
863 1404 998 1466 verbum
1017 1404 1080 1466 Dei
1098 1423 1154 1466 ro·

86 1497 166 1550 notor
180 1509 290 1554 sennen
305 1489 572 1574 regenerationis,
618 1493 631 1553 l
656 1489 726 1552 Pet.
742 1491 762 1550 i.
785 1491 836 1552 23.
881 1491 911 1550 6.
935 1489 981 1552 At
1003 1491 1152 1570 quemvis

82 1573 164 1650 ¹Dens
174 1585 269 1639 vocet
290 1575 437 1638 homines
455 1596 512 1657 per
528 1576 661 1638 verbum
673 1595 779 1648 suum,
792 1581 918 1638 certum
931 1585 981 1636 est
997 1578 1153 1657 prutercd

86 1665 288 1740 necessarium
305 1681 375 1723 esse
386 1662 610 1724 immediatam
626 1663 777 1744 Spiritus
791 1662 909 1724 Sancti
918 1663 1152 1742 operationem.
1261 1700 1265 1710 ›

80 1743 158 1820 ‘lllud
174 1751 368 1822 evincimur,
411 1748 479 1826 (l.)
503 1745 555 1809 Ex
575 1747 638 1808 illis
654 1749 744 1820 locis,
766 1747 799 1806 iu
822 1747 939 1828 quibus
960 1751 1064 1808 sancti
1090 1749 1151 1808 viri

86 1841 199 1913 petunt,
226 1845 263 1895 ut
282 1834 472 1914 aperiantur
493 1829 637 1903 oculiad
660 1831 916 1912 contemplando
931 1832 1092 1892 mirabilia
1107 1832 1152 1894 le·
1234 1887 1238 1900 .
1262 1888 1265 1896 Δ

81 1915 136 1998 ‘gin
152 1919 230 1981 mot.
248 1921 338 1982 cxix.
361 1919 408 1980 18.
425 1924 516 1981 etex
540 1917 670 1984 allisio
686 1917 807 1998 quibus
826 1917 957 1990 dicitur,
981 1916 1151 1978 Christum

77 2006 240 2084 ,omnisne
268 2011 404 2078 mentem
418 2003 659 2086 discipulerum
675 2003 721 2063 ad
740 2002 977 2084 intelligendae
1001 2002 1153 2084 Scripta·

40 2142 43 2181 Ι
82 2089 143 2163 ras,
156 2089 234 2152 Luc.
246 2091 339 2152 xxiv.
350 2091 404 2149 eo.
432 2085 538 2152 lirum
546 2089 730 2172 corhydice
744 2091 927 2170 aperitione,
949 2091 987 2150 nt
1007 2093 1152 2150 attende·

38 2240 41 2263 Ι
82 2177 124 2236 ret
142 2177 237 2239 adea
260 2195 337 2260 quoe
351 2173 715 2247 arcetonmrdl’oata
737 2172 812 2236 Act.
830 2176 895 2234 xvi.
919 2173 963 2236 tt.
1008 2176 1076 2254 (t.)
1099 2173 1153 2236 Ex

35 2266 40 2341 Ιι’
83 2256 148 2324 loco
164 2259 269 2340 Ppuli',
297 2259 310 2328 l
332 2259 409 2322 Cor.
424 2261 467 2322 ir.
480 2263 515 2335 6,
526 2263 555 2322 7.
580 2259 632 2323 ubi
649 2261 828 2344 Apostolus
843 2258 1015 2339 distinguit
1026 2262 1154 2322 mion-

33 2348 38 2427 ,“
81 2362 124 2406 eru
148 2345 288 2412 hominis
304 2347 483 2428 plantantis
502 2355 538 2410 et
563 2349 699 2420 rigantis
720 2345 939 2428 perverbum,
961 2347 1152 2409 subactione

33 2434 36 2487 l
80 2429 200 2494 interut
216 2433 277 2494 Dei
302 2432 410 2494 dentis
437 2433 688 2503 incrementum,
715 2431 843 2492 Paulus
865 2432 1009 2508 plantat,
1034 2433 1152 2511 Apollo

33 2506 36 2581 l
73 2519 176 2600 rigat,
204 2519 261 2579 sed
284 2515 374 2604 Dens
400 2517 460 2576 dat
476 2517 717 2576 incrementum.
762 2515 830 2592 (3.)
854 2509 906 2574 Ex
934 2515 996 2575 illis
1012 2515 1103 2589 locis,
1118 2518 1152 2578 in

78 2605 188 2682 quibus
203 2619 330 2662 summu
345 2599 540 2680 impotentia
556 2597 696 2674 hominis
712 2597 917 2672 describitur,
939 2599 1071 2678 quondo
1093 2619 1164 2662 crs„

20 2703 21 2710 ¹
76 2687 129 2748 'nus
145 2693 179 2748 et
196 2695 342 2747 mortuus
359 2685 500 2758 dicitur;
522 2701 597 2746 nom
614 2691 651 2746 ut
666 2682 707 2745 ed
725 2685 882 2745 visionem
898 2687 974 2746 eieci
1002 2703 1068 2748 uon
1085 2685 1151 2748 sut·

69 2769 141 2849 ‚ficit
156 2771 217 2851 ipsi
244 2787 426 2853 proponere
453 2768 572 2846 lucem,
591 2768 698 2833 sedet
724 2771 901 2854 requiritur
916 2771 1081 2835 facultatis
1104 2789 1152 2834 re·

72 2857 254 2928 staureti0;
286 2857 332 2918 its
355 2855 396 2918 ed
425 2857 582 2918 visionem
604 2855 805 2938 spiritualem
831 2855 917 2930 fidei,
943 2875 1008 2920 non
1030 2855 1153 2923 sufficit

74 2939 230 3010 doctrine
252 2942 286 3016 in
311 2941 412 3003 verbo
439 2940 692 3015 revelatio,'nisi
714 2943 805 3002 intus
830 2943 970 3003 incultas
994 2955 1152 3025 corrupte

76 3033 215 3102 sonetur,
230 3033 264 3089 et
279 3024 320 3088 ed
336 3026 505 3106 objectum
522 3024 744 3107 recipiendum
761 3025 968 3106 disponetur.
1012 3030 1080 3107 (4.)
1100 3027 1151 3092 Ex

77 3111 161 3186 locis,
190 3114 224 3184 in
253 3111 380 3194 quibus
395 3109 486 3174 Deus
512 3109 633 3172 dicitur
659 3109 814 3172 adhibere
839 3109 881 3170 ed
905 3115 1150 3176 conversionem

76 3206 214 3269 nostram
228 3201 436 3261 excellentem
448 3195 719 3280 magnitudinem
728 3196 867 3258 uirtutis
879 3213 961 3270 eure,
976 3199 1152 3263 secundem

80 3283 256 3364 efficaciam
278 3283 405 3346 rodonis
429 3283 569 3348 uirtutis
589 3284 670 3365 ejas,
697 3297 796 3362 quem
809 3284 938 3344 canuit
952 3283 989 3344 in
1011 3284 1151 3358 viriste,

81 3367 194 3452 Ephes.
213 3371 233 3434 i.
255 3371 302 3446 18,
322 3369 370 3442 19,
392 3365 444 3432 20.
472 3387 544 3452 quur
570 3371 647 3430 send
674 3369 806 3449 phrases
830 3367 954 3444 frigide
980 3377 1098 3444 essent,
1125 3373 1151 3432 si

81 3459 201 3519 tontum
219 3455 281 3518 hoc
298 3473 400 3516 unum
428 3459 557 3536 prestet
574 3454 677 3527 Dens,
691 3471 809 3534 nempe
832 3453 921 3517 clere
945 3455 1152 3535 evangelium

81 3559 257 3624 proponere
278 3560 354 3610 cnm
371 3541 468 3604 certis
483 3539 676 3624 quibusdem
699 3541 962 3602 circumstantiis.
1006 3542 1076 3621 (a.)
1100 3540 1151 3605 Ex

75 3623 125 3700 eo,
140 3627 227 3714 quod
244 3631 372 3696 tentum
389 3625 544 3699 ubertat
569 3627 703 3689 verbum
721 3628 820 3688 menti
844 3633 1007 3708 corruptos
1034 3645 1152 3709 propo·

79 3714 167 3775 situm
192 3715 296 3796 possit
322 3728 394 3774 sem
417 3712 665 3784 maccrescit
685 3712 882 3795 prejudiciis
908 3711 1056 3783 liberere,
1082 3717 1150 3775 ute

79 3801 185 3863 contri
213 3799 349 3862 verbum
375 3798 494 3880 ipsum,
518 3799 665 3880 quamvis
691 3815 750 3879 per
773 3796 937 3872 occidens,
965 3797 1153 3880 prejudicio

80 3884 244 3948 confirmet
259 3889 292 3947 et
319 3889 461 3964 ongean
483 3900 558 3945 nem
585 3882 716 3946 uerbum
740 3887 852 3946 mucis
872 3881 996 3947 domini
1010 3885 1151 3950 animali

79 3973 304 4048 predicatum,
318 3973 368 4032 est
381 3969 616 4047 conminuunt
629 3969 788 4042 stultitia,
810 3971 820 4029 l
838 3967 988 4031 Corinth.
1005 3971 1026 4032 i.
1042 3970 1094 4034 23.

73 4055 76 4060 '
119 4053 179 4119 Vl.¹
200 4055 343 4140 Spiritus
358 4053 499 4116 Sanctus
514 4071 580 4115 non
591 4054 860 4134 egitsinererbo,
875 4053 933 4116 sed
948 4073 1023 4118 cum
1036 4056 1152 4136 verbo;

81 4137 159 4204 idem
186 4142 356 4226 objectum
373 4137 460 4221 quod
486 4157 544 4222 per
568 4137 703 4200 verbum
719 4141 921 4201 extrinsecus
946 4144 1150 4226 proponitur,

81 4225 161 4288 intds
177 4247 235 4311 per
250 4226 408 4310 Spiritum
428 4226 527 4287 menti
543 4225 751 4306 imprimitur.

121 4310 199 4380 vu.
224 4312 384 4399 Operatio
399 4311 538 4398 Spiritus
556 4311 670 4376 Sencti
685 4313 832 4398 quemvis
844 4313 1026 4396 ineffabilis,
1044 4315 1155 4382 dillert
1235 4391 1236 4396 ,
