3000 4998
55 431 140 516 (ἔαρ.Ι
156 429 203 516 a]
452 447 500 498 nn
522 449 741 504 uanrrrose.

480 715 636 784 CAPUT
658 713 720 782 Vi.

169 883 227 942 Cur
239 883 318 946 nem
331 884 433 961 Legem
444 901 522 944 cunm
535 887 604 944 dore
615 885 703 946 noluit
716 893 782 945 crte
793 887 939 948 ademtam
953 891 1027 951 Filii.

97 1043 125 1108 1.
148 1043 185 1108 Si
201 1049 379 1130 queratur,
401 1063 461 1109 cnr
477 1044 568 1109 Dens
583 1043 687 1109 soluit
702 1045 782 1111 dare
803 1047 910 1132 legem
927 1069 1019 1116 suem
1038 1053 1139 1122 homi·

54 1129 163 1207 nibus,
185 1137 263 1194 ante
278 1133 537 1195 incarnationem
556 1131 691 1210 Christi,
706 1133 941 1216 respondemus
956 1137 989 1200 id
1004 1137 1142 1221 tucrum,

54 1235 121 1278 non
147 1221 183 1282 ut
205 1215 387 1280 hominess
403 1222 496 1280 reatu
518 1223 578 1280 ant
598 1219 617 1280 h
640 1221 798 1287 servitute
823 1223 951 1304 peccati
974 1221 1141 1306 liberaret,

54 1301 111 1364 sed
127 1307 165 1364 nt
180 1309 378 1386 prepararet
395 1303 542 1368 homines
564 1301 607 1366 ad
624 1301 699 1368 Filii
729 1307 779 1368 sni
800 1305 993 1385 adrentum,
1018 1317 1053 1376 st
1068 1315 1140 1397 ejus

56 1383 218 1450 adrentus
233 1389 461 1453 necessitatem
477 1387 623 1453 doceret.

99 1471 143 1536 11.
169 1471 268 1550 Dico,
296 1493 362 1538 non
385 1473 419 1538 id
442 1473 569 1540 iactum
587 1482 624 1538 ut
640 1475 789 1543 homines
803 1477 824 1545 i
840 1479 936 1558 reatu,
955 1485 1014 1566 ent
1039 1485 1058 1545 h
1074 1503 1139 1548 ser.

52 1557 158 1622 ritate
173 1561 302 1644 peccati
318 1559 495 1638 liberaret;
527 1561 590 1624 hoc
607 1563 732 1646 patebit
747 1561 950 1640 attendenti‚'
980 1568 1006 1628 i.
1031 1567 1138 1634 Cere.

56 1646 181 1708 monins
202 1665 269 1710 non
292 1647 437 1730 potuisse
458 1647 612 1716 homiues
623 1665 774 1732 purgare,
795 1657 890 1712 erant
904 1651 992 1714 enim
1008 1659 1138 1720 externi

53 1741 88 1792 et
103 1733 251 1814 corporei
268 1733 360 1809 ritus,
383 1735 439 1816 qui
454 1749 586 1796 carnem
607 1735 734 1804 tantum
750 1735 969 1816 attingebant.
1001 1737 1033 1800 2.
1057 1741 1138 1806 Non

56 1819 200 1898 potuisse
224 1819 358 1902 expiare
381 1825 530 1902 peccota,
551 1819 712 1902 siquidem
729 1817 854 1882 nulium
874 1820 1041 1889 habebant
1063 1845 1140 1912 pro·

102 1903 237 1967 rtionem
253 1923 329 1967 cunr
346 1907 492 1986 peccetis
507 1906 657 1988 patratis,
672 1923 749 1968 cum
766 1904 842 1967 Deo
857 1905 993 1984 offenso,
1015 1915 1142 1978 etcum

53 1921 187 2052 muriae
211 1996 394 2072 peccaute3
427 1989 623 2054 observante
645 1989 761 2068 Paulo,
786 1987 859 2080 ¹fieri
882 2011 949 2055 non
973 2013 1079 2076 posse,
1102 2005 1141 2061 nt

54 2076 185 2156 sangnis
198 2079 369 2138 taurorum
386 2079 420 2140 et
435 2075 601 2140 hircorum
617 2075 747 2140 unieret
763 2079 912 2160 peccata,
955 2077 1041 2144 Heh.
1057 2101 1091 2148 x.
1103 2085 1137 2150 4,

52 2161 81 2224 ³.
105 2159 229 2244 Legem
255 2161 412 2226 moralem
437 2159 518 2226 nulli
540 2161 721 2246 pollicitam
742 2181 813 2226 esse
842 2169 1056 2246 peccatorum
1087 2186 1137 2233 re·

53 2245 249 2321 missionem,
270 2243 328 2310 sed
343 2253 378 2312 et
398 2251 515 2312 contri
530 2248 846 2332 transgredientibus
871 2249 1137 2322 maledictionem

53 2329 274 2396 denuntiasse.
316 2331 349 2396 4.
372 2331 495 2416 Legem
520 2333 715 2400 destitutam
740 2333 840 2398 fuisse
866 2335 986 2400 idoneo
1012 2339 1138 2406 auxilio

53 2416 91 2480 m
106 2415 292 2496 dominium
307 2423 436 2502 peccati
452 2417 710 2504 infringendum,
731 2421 797 2486 imo
811 2423 922 2504 potins
936 2423 1064 2490 irritare
1079 2447 1137 2491 on·

53 2501 205 2586 piditates
220 2521 320 2592 quam
335 2503 461 2569 sedare.

90 2587 153 2654 111.
180 2587 268 2653 Dico
296 2589 398 2672 igitur
422 2591 534 2674 'legem
560 2589 671 2674 potins
697 2587 820 2666 datam,
852 2593 889 2653 ut
914 2591 1064 2656 homines
1092 2591 1137 2660 ad

54 2673 174 2739 Christi
189 2674 369 2738 adrentum
386 2681 594 2762 prepararet
639 2673 686 2740 Ut
701 2674 765 2740 hoc
780 2676 941 2759 capiatur,
963 2677 1138 2746 observan-

54 2759 121 2824 dnm
140 2767 205 2836 est,
227 2767 265 2824 nt
290 2761 439 2826 homines
460 2761 503 2825 ed
527 2759 650 2826 Christi
672 2757 851 2824 adrentum
875 2771 1137 2848 prepararentur

54 2846 160 2912 debito
178 2845 290 2923 modo,
305 2851 339 2911 et
353 2845 453 2912 talem
466 2845 646 2912 adrentum
659 2851 874 2930 expectarent
889 2849 989 2927 aridi,
1004 2871 1137 2916 necesse

53 2931 157 3010 inisse,
183 2939 222 2995 nt
234 2940 484 3016 cognoscerent.
531 2933 559 2996 1.
576 2933 640 2996 Dei
656 2933 862 3014 majestatem
877 2953 1050 3013 summam,
1070 2939 1133 3022 qui

53 3023 182 3166 {speret
197 3037 313 3082 omnes
338 3037 389 3083 res
404 3013 837 3182 creatppimrihtpplgptipiesnd
856 3037 928 3166 φιθω
944 3021 1133 3168 opggaptur

73 3123 198 3169 omrnes
224 3123 260 3169 er
328 3123 401 3168 eam
427 3122 498 3166 sum
827 3146 836 3163 .
913 3147 921 3166 .
1015 3125 1056 3168 nu
1076 3125 1131 3172 um

53 3123 304 3268 severitatem,8¹²
314 3207 372 3254 ner
391 3189 624 3253 interminatur
644 3185 753 3272 legum
773 3201 907 3250 suarum
937 3191 1131 3272 transgress-

53 3277 170 3340 oribus.
223 3277 255 3342 4.
289 3210 497 3341 gravitates
526 3278 753 3357 peccatorum,
786 3289 860 3356 quo
889 3277 1073 3356 patrarunt,
1097 3283 1132 3343 et

51 3361 167 3444 quihus
180 3381 216 3427 se
231 3363 360 3426 eternis
375 3363 478 3446 punis
493 3357 611 3442 dignor
626 3363 793 3444 prestant.
836 3359 867 3420 5.
885 3355 1010 3422 Eorum
1027 3364 1129 3450 impo-

51 3451 196 3524 tentiam,
217 3455 289 3512 tum
304 3449 339 3510 iu
361 3445 552 3532 praestandis
567 3447 616 3522 iis,
638 3463 713 3528 qum
727 3447 881 3530 prestare
903 3444 1037 3522 dehent,
1058 3455 1129 3513 turn

51 3533 79 3594 in
94 3531 259 3618 placandi
276 3533 399 3598 'nstitit
414 3533 559 3618 peccetis
574 3528 709 3596 onenst.
752 3527 828 3595 Jsm
854 3529 1050 3596 haecomnia
1071 3531 1128 3597 do-

51 3619 140 3685 cebat
157 3621 229 3690 lex..
259 3554 341 3684 irat
355 3621 536 3704 specuium,
550 3619 585 3682 in
601 3637 669 3702 qno
685 3616 784 3680 homo
800 3615 865 3682 Det
876 3615 999 3702 judicis
1015 3619 1130 3702 mejes·

50 3711 147 3774 tatem
179 3713 214 3770 et
238 3705 401 3788 justitiam
432 3703 732 3790 contemplabatur,
767 3717 859 3768 susm
889 3705 1131 3788 impotentiam,

49 3791 267 3876 iniquitatem,
297 3795 332 3855 et
360 3809 403 3855 ex
429 3797 569 3874 utraque
594 3787 860 3853 maledictionem
886 3789 1130 3872 cognoscebam

40 3875 199 3962 fulgura,
230 3877 391 3954 tortirac,
413 3875 580 3960 flammea,
610 3873 938 3958 testamcutum,
963 3873 1131 3956 ter-ritimis

48 3967 249 4046 apparatus,
271 3983 348 4028 cnm
361 3981 426 4048 qno
440 3963 495 4028 lex
510 3959 720 4044 promulgata
739 3963 789 4021 est
807 3961 1016 4044 majestatem
1037 3961 1130 4046 legis·

49 4047 157 4116 tatoris
171 4049 348 4114 docebant.
394 4047 584 4130 Praecpta,
605 4063 676 4130 que
691 4043 745 4107 lex
761 4043 964 4119 continebat,
984 4043 1127 4112 officium

50 4131 167 4200 homiui
180 4129 535 4216 demonstrabantsac
544 4133 604 4196 hoc
614 4133 647 4194 st
660 4136 774 4202 uinea·
796 4135 830 4194 et
841 4127 938 4194 facile
948 4129 1130 4212 dijudicare

49 4229 188 4300 poteret,
209 4221 288 4308 qnid
303 4225 323 4286 h
338 4217 414 4286 Deo
429 4223 606 4304 expectare
622 4213 776 4292 debehat,
797 4233 840 4279 ex
857 4213 906 4280 his
921 4215 1039 4295 serbis,
1059 4237 1128 4285 mn·

50 4303 187 4374 &didus
212 4310 271 4393 qus·
291 4325 356 4376 sorr
383 4303 617 4399 macerit,
646 4301 707 4370 hc.
751 4299 821 4369 iuro
841 4301 954 4370 omnis
972 4320 1130 4390 arrogan-
