2986 5160
336 102 404 170 tat
674 111 815 196 'rumas
836 109 1077 168 raaotourca.

335 293 406 336 esse
420 272 550 336 taotrim
559 267 683 333 undam
698 270 927 333 ceremoniam
939 267 1147 332 discretivam
1158 269 1266 336 solnm
1277 272 1427 343 fidelio-

335 357 378 424 ab
393 357 590 430 infidelibus,
612 373 652 419 ac
664 373 791 426 meram
807 355 962 420 tesseram
979 351 1231 418 Christianismi.

420 444 450 504 b.
474 441 673 524 Baptismus
688 447 738 502 est
753 440 954 502 necessarius
966 441 1161 502 necessitate
1176 449 1335 528 precepti
1358 469 1429 512 om.

334 529 431 600 nibus
447 525 746 602 Christianismum
769 528 897 596 tautum
914 526 953 586 iis
973 526 1028 608 qui
1044 525 1138 591 initio
1160 546 1202 590 ex
1223 527 1427 600 Gentiiismo

331 614 376 676 ad
394 606 680 684 Christianismum
696 608 873 684 accedunt,
894 607 951 672 sed
967 615 1002 672 et
1014 617 1138 689 postea,
1161 617 1232 676 tum
1245 615 1375 682 adultis
1386 621 1429 686 ad

332 699 431 768 fldem
443 700 619 774 conversis,
641 705 713 758 turn
728 693 909 764 infantibus
922 693 1197 761 Christianorum.

418 785 448 848 6.
472 781 536 846 Sed
553 801 609 844 eos
624 777 842 870 explodimus,
864 781 920 861 qui
938 779 1056 848 volunt
1067 779 1265 864 baptismum
1281 804 1357 848 esse
1373 789 1428 854 ab·

332 871 440 934 solute
465 869 696 940 necessarium,
717 869 765 927 ita
789 873 827 926 ut
853 866 960 928 salute
980 865 1164 948 priventur,
1186 871 1241 952 qui
1259 869 1428 951 baptismo

330 975 398 1029 non
412 957 506 1030 Uncti
518 953 759 1025 suntiniantes,
780 952 881 1032 etqui
898 970 956 1034 per
972 950 1182 1034 bsptismum,
1192 955 1427 1038 imaginarium

330 1039 556 1114 characterem
581 1039 697 1098 anima
719 1035 859 1117 imprimi
874 1043 1053 1116 ungantur,
1075 1043 1194 1121 quique
1209 1039 1251 1102 ad
1269 1041 1426 1125 baptismi

329 1129 503 1189 mentiens
514 1131 553 1186 et
568 1121 712 1194 valorem
728 1121 945 1196 intentionem
967 1120 1149 1194 odministri
1163 1131 1355 1198 necessario
1370 1150 1425 1194 ex.

332 1212 338 1224 '
364 1219 424 1276 unt
858 1269 861 1276 .
882 1273 884 1278 .

328 1229 368 1308 ω’
412 1255 441 1356 'l
468 1295 654 1377 Baptismus
670 1291 770 1362 semel
783 1289 925 1354 collatus
938 1293 1047 1355 iterari
1063 1312 1129 1364 non
1142 1281 1252 1366 debet.

415 1382 445 1446 8.
471 1381 700 1462 improbamus
713 1379 911 1459 baptismum
927 1378 947 1438 i
963 1375 1083 1451 Laicis,
1105 1387 1139 1440 et
1155 1381 1349 1448 mulieribus
1363 1383 1420 1456 ad·

328 1467 561 1542 ministratum,
581 1463 638 1528 sed
655 1463 753 1546 longe
778 1463 882 1542 magis
897 1463 1092 1526 damnamus
1109 1465 1307 1546 baptismum
1330 1489 1422 1540 ,cam-

326 1570 499 1638 panarum,
521 1551 714 1624 triremium,
736 1555 770 1612 et
783 1547 921 1611 aliarum
935 1567 1043 1620 rernm
1061 1545 1227 1624 similium.

647 1721 686 1794 is
713 1713 923 1793 Auricuauu
942 1717 1115 1796 XXXVI.
1145 1704 1148 1712 ’

323 1885 388 1951 Tu.
405 1875 436 1950 l.
462 1887 519 1952 tir
540 1887 729 1968 ‘Baptismus
745 1891 795 1950 est
810 1891 1055 1950 sacramentum
1078 1887 1270 1958 initiationis
1283 1893 1410 1972 nodam,

321 1973 370 2049 ita
388 1971 491 2048 (imaro
505 1973 694 2040 nutritionis
710 1977 760 2036 est
775 1975 1031 2045 sacramentum.

336 2067 341 2078 '
408 2059 438 2118 2.
464 2055 621 2120 Instituta
643 2063 693 2118 est
708 2055 728 2130 h
744 2051 889 2130 Christo,
910 2071 978 2118 nou
995 2053 1096 2118 modo
1119 2064 1157 2120 ut
1171 2059 1212 2122 sit
1224 2059 1302 2120 ritus
1317 2053 1406 2124 r'roti·

320 2141 562 2229 heativushdei
578 2159 618 2204 ac
638 2141 851 2226 professionis
873 2147 1004 2218 nostra,
1026 2140 1084 2204 sed
1101 2150 1137 2204 ut
1153 2143 1301 2226 obsigoet
1315 2147 1408 2210 nobis

321 2235 357 2302 et
368 2228 524 2300 exhibeat
546 2246 586 2290 ea
601 2225 771 2300 beneficia,
793 2245 866 2307 qum
879 2229 1059 2308 promeruit
1072 2225 1224 2292 Christus
1235 2229 1411 2296 traditione

322 2315 372 2377 sui
384 2315 530 2393 corporis
543 2321 576 2373 et
591 2313 640 2373 sui
656 2313 824 2391 sanguinis
835 2311 1005 2375 effusione.

406 2397 427 2466 3
463 2397 562 2464 Cosso
576 2397 678 2475 igitur
695 2403 746 2459 est
761 2413 890 2458 sacrum
907 2396 988 2460 iilud
1001 2395 1149 2486 epulum,
1170 2401 1204 2464 in
1220 2421 1287 2490 quo
1302 2402 1412 2467 Chris·

320 2487 374 2544 tus
388 2492 488 2541 carne
502 2496 563 2550 sua
577 2479 699 2557 cibare,
721 2485 756 2543 et
767 2484 927 2562 sanguine
942 2489 1057 2568 potare
1069 2503 1128 2546 nos
1141 2485 1222 2560 vnit,
1245 2505 1286 2552 ao
1301 2493 1416 2561 arene.

317 2565 398 2638 sime
422 2583 535 2632 secum
561 2565 774 2648 conjungere,
805 2573 840 2628 et
864 2573 1105 2636 sacramentum
1133 2576 1183 2632 est
1208 2573 1334 2656 inquo
1350 2595 1409 2658 per

318 2652 413 2734 panis
428 2649 536 2726 tracti,
551 2655 585 2713 et
600 2653 667 2714 vini
684 2649 776 2714 etihsi
789 2649 1066 2729 distributionem,
1081 2655 1286 2738 significatur
1302 2667 1337 2723 et
1352 2662 1411 2730 ob·

317 2737 468 2818 signatur
483 2733 634 2798 fidelihus
648 2737 795 2798 remissio
811 2743 1036 2817 peccatorum.

403 2823 433 2884 4.
459 2819 763 2884 Mandnoatioilla
785 2824 894 2894 carnis
910 2821 1033 2890 Christi
1049 2827 1083 2886 et
1098 2823 1217 2890 hihitio
1240 2833 1412 2912 sanguinis

317 2924 384 2968 non
412 2906 512 2968 cratis
527 2910 588 2978 est,
610 2905 667 2969 sed
683 2905 872 2989 spiritualis,
894 2925 956 2971 neo
984 2915 1095 2972 tamen
1112 2909 1190 2974 ficta
1204 2921 1301 2978 estet
1325 2918 1413 2981 ima-

315 2993 453 3072 ginaria,
477 2989 647 3062 Christum
664 2995 752 3052 enim
765 2997 840 3056 rere
854 2992 1017 3074 peridem
1034 2997 1220 3076 recipimur.

400 3078 432 3139 b.
455 3075 614 3158 Symbola
635 3084 774 3139 externa
796 3095 869 3166 qure
885 3077 919 3142 in
936 3077 999 3142 boc
1016 3084 1158 3164 mystico
1179 3085 1332 3149 convivio
1351 3109 1412 3154 ore

312 3167 348 3226 et
364 3180 464 3224 mauu
477 3163 718 3248 percipiuntur,
739 3165 817 3224 sont
838 3165 932 3244 panis
946 3171 981 3226 et
1001 3165 1127 3242 sinum,
1149 3185 1212 3240 neo
1237 3189 1340 3236 unum
1364 3197 1410 3241 ex

312 3249 353 3316 iis
368 3245 526 3332 symbolis
542 3253 650 3328 potest
665 3249 746 3328 eripi
758 3246 881 3330 populo
895 3249 964 3310 sine
979 3249 1158 3334 sacrilegio.

399 3333 430 3395 6.
454 3331 570 3396 Ritum
587 3331 755 3395 tractionis
772 3335 866 3420 panis
886 3337 1105 3404 necessarium
1126 3357 1199 3412 esse
1220 3345 1357 3408 tuemur
1374 3349 1410 3422 io

309 3417 595 3482 administratione
612 3415 838 3482 Eucharistiae.

395 3503 425 3565 7.
451 3499 563 3576 Verba
579 3521 678 3566 omne
694 3505 824 3586 proprie
838 3509 873 3568 et
892 3505 962 3578 soei
975 3509 1006 3569 st
1018 3507 1088 3593 §ab
1109 3527 1177 3574 non
1192 3529 1262 3578 esse
1278 3515 1408 3582 inteiii.

203 3665 207 3672 .
308 3584 419 3674 penda
430 3585 675 3664 contendimus,
697 3588 752 3650 sed
766 3591 891 3676 tropice
903 3599 937 3655 et
947 3596 1239 3660 sacramentaliter.

394 3675 426 3738 8.
450 3673 574 3744 Panem
590 3681 625 3738 et
640 3677 751 3743 vinum
769 3675 799 3737 si
824 3677 998 3741 verborum
1018 3683 1276 3746 consecrationis
1299 3685 1334 3748 in
1353 3689 1403 3772 ip

307 3771 382 3823 snm
392 3771 518 3842 'corpus
533 3767 567 3822 et
582 3763 773 3844 sanguinem
792 3758 915 3825 Christi
932 3773 1008 3830 rere
1022 3765 1322 3848 transubstantiari,
1344 3793 1405 3846 ex·

307 3845 410 3916 ternis
425 3849 554 3908 tantrim
566 3846 737 3929 speciebus
753 3849 856 3930 panis,
868 3849 979 3913 etvini
992 3851 1213 3930 manentibus,
1225 3873 1400 3938 negamus.

330 4020 343 4082 t
375 3927 423 4076 ug
448 3929 526 3992 Non
542 3931 707 3998 credimus
721 3949 854 4018 quoque
875 3953 947 3999 esse
961 3955 1082 4030 corpus
1094 3935 1218 4011 Christi
1230 3943 1281 4020 in,
1304 3961 1396 4032 cnm,
1420 4009 1423 4012 ,

304 4029 373 4082 as
432 4029 529 4098 pons.
1388 4037 1390 4042 ·
