2994 4996
401 473 460 538 llo
718 482 920 536 runonocrs
937 481 1167 536 curremus.
1338 467 1468 556 [aar.

395 645 538 709 scientie
553 641 764 718 deciderim
796 648 960 725 precepto
981 641 1092 705 divino
1115 637 1361 724 praeponderare
1379 641 1464 704 debe·

394 731 467 794 bat:
489 729 560 791 sola
568 731 670 810 igitur
680 728 782 792 libera
794 729 933 791 hominis
941 728 1095 790 voluntas
1107 727 1368 808 transgressionis
1377 746 1465 790 causa

394 817 469 890 luit,
489 821 672 896 spontaneo
695 820 787 876 motu
807 832 876 876 sese
896 816 1001 895 ipsum
1017 813 1237 876 determinans
1252 809 1294 874 ad
1307 811 1464 892 objectum

392 904 530 966 vetitum
547 903 568 963 sl
583 903 692 962 mente
707 897 844 961 seducta
859 901 1083 982 propositum:
1114 894 1209 962 nulla
1225 917 1259 958 re
1277 897 1317 959 de
1331 915 1401 959 arec
1414 897 1460 958 do·

363 985 367 998 '
392 985 557 1060 minandi,
571 987 718 1066 rectoque
730 985 942 1048 ordr‘rremccs
952 985 1073 1066 deponi
1082 985 1201 1064 potest,
1213 983 1285 1046 nisi
1294 984 1459 1058 munuc,

388 1070 541 1135 nitidem
559 1069 690 1132 Presul.

440 1155 551 1222 Teuc
567 1157 731 1238 quaeritur,
744 1153 909 1238 quomodo
921 1153 991 1218 deri
1008 1155 1164 1238 potuerit,
1179 1159 1218 1216 ut
1233 1153 1332 1216 homo
1347 1154 1460 1230 integer

392 1249 427 1305 et
452 1249 585 1304 sanctus
615 1242 725 1323 lapsus
749 1245 801 1303 sit.
845 1239 1054 1324 Respondeo,
1075 1239 1110 1302 id
1135 1241 1252 1302 mirum
1281 1258 1347 1300 non
1371 1239 1459 1300 rideri

391 1327 527 1402 debere;
548 1328 694 1410 quamvis
705 1327 791 1388 enim
802 1333 936 1388 sanctus
946 1335 980 1389 et
990 1325 1100 1408 justus
1109 1323 1263 1388 conditus
1276 1323 1388 1396 inerit,
1403 1341 1458 1384 non

390 1414 439 1474 ita
461 1417 571 1474 tamen
593 1410 740 1494 perlecta
761 1418 795 1474 et
810 1409 1003 1474 confirmata
1028 1412 1091 1472 tuit
1105 1411 1177 1492 ejus
1202 1413 1369 1479 sanctitas,
1389 1409 1458 1489 quin

390 1499 536 1580 potuerit
550 1496 592 1558 ab
607 1515 647 1558 ea
662 1495 814 1559 delicere:
837 1507 970 1558 sanetus
984 1501 1018 1558 et
1028 1496 1139 1577 justus
1154 1493 1307 1558 conditus
1317 1499 1397 1567 erat,
1411 1491 1458 1554 sed

390 1581 568 1656 mutabilis,
585 1587 741 1664 utposset
751 1581 994 1663 quidemstare,
1009 1585 1035 1640 si
1048 1579 1156 1654 vellet,
1171 1579 1227 1641 sed
1241 1585 1351 1662 posset
1360 1579 1458 1644 etiam.

390 1669 416 1730 si
432 1663 542 1742 vellet,
557 1665 600 1728 nd
617 1665 738 1728 malum
748 1665 903 1739 deficere;
925 1683 992 1726 non
1004 1667 1107 1744 magis
1123 1665 1223 1746 igitur
1233 1663 1423 1736 mirandum,
1436 1664 1458 1724 si

390 1751 491 1814 homo
511 1751 677 1813 mutabilis
699 1757 845 1812 mutatus
861 1751 915 1824 sit,
935 1751 1032 1830 qudm
1048 1751 1074 1810 si
1091 1749 1190 1811 lromo
1205 1748 1351 1832 perfecte
1366 1749 1457 1828 quies·

390 1855 468 1900 cens
484 1837 607 1898 moveri
623 1837 769 1916 incipiat.
813 1831 910 1902 Qudd
926 1835 952 1896 si
968 1851 1104 1916 quietas,
1119 1853 1180 1898 cnr
1197 1833 1288 1896 Deus
1304 1833 1457 1896 hominem

390 1921 581 1984 mutabilem
607 1920 742 1994 lecerit;
774 1937 882 2002 quere
905 1919 1005 1982 etiam
1030 1938 1090 1981 cur
1114 1918 1280 1981 hominem
1298 1921 1458 1992 creaverit,

389 2025 457 2068 non
474 2005 595 2068 Deum.
640 2004 765 2067 Verrlm
780 2023 892 2080 causa,
914 2023 973 2067 cur
996 2003 1094 2067 homo
1108 2003 1192 2068 adad
1208 2003 1324 2066 faciles
1338 2002 1457 2065 diabolo

386 2089 558 2154 seducenti
572 2107 668 2152 aures
693 2089 877 2172 prebuerit,
898 2088 1029 2152 videtur
1051 2107 1121 2153 esse
1146 2088 1304 2152 naturalis
1332 2088 1457 2152 hominis

387 2177 555 2258 appetitus
569 2173 612 2236 ad
629 2174 717 2249 boni,
733 2193 805 2256 quo
820 2179 921 2248 caret,
988 2176 1180 2237 ssessionem
1195 2171 1456 2258 consequendam.

297 2307 339 2316 ,-
432 2259 558 2332 Quortd
572 2260 738 2342 quaeritur,
760 2255 926 2341 quomodo
978 2278 1037 2320 ens
1052 2261 1257 2322 concurrerit
1271 2259 1304 2320 in
1324 2260 1384 2322 hoc
1400 2259 1457 2338 lap

386 2363 437 2422 su,
459 2351 518 2408 ant
533 2343 612 2428 quid
633 2345 837 2427 prestiterim
869 2342 1065 2426 respondeo,
1087 2343 1142 2408 hic
1166 2343 1336 2408 silentium
1359 2351 1471 2406 tenere

387 2431 484 2514 longe
499 2433 600 2494 satius
615 2449 684 2492 esse
695 2431 793 2512 qudm
805 2427 909 2492 multa
921 2427 1022 2510 loqui,
1037 2435 1169 2494 incente
1180 2429 1276 2512 plane
1287 2427 1453 2512 Scriptura

388 2516 468 2580 llec
492 2522 583 2579 certa
610 2523 730 2591 tamen,
766 2517 794 2578 l.
818 2515 927 2577 Deum
954 2531 1021 2576 non
1047 2515 1216 2596 impulisse
1239 2515 1401 2578 hominem
1419 2511 1455 2576 ad

386 2601 604 2686 peccandum,
627 2620 688 2664 nec
711 2601 865 2664 Satanam
886 2599 929 2662 ad
948 2599 1167 2676 tentandum
1195 2599 1281 2662 absit
1294 2607 1335 2664 ut
1350 2601 1407 2663 hoc
1422 2598 1456 2662 de

249 2741 253 2749 .
284 2743 287 2748 ,
386 2687 460 2749 Deo
471 2695 586 2750 sancto
597 2689 790 2767 cogitemus.
826 2685 856 2747 2.
876 2685 954 2747 Non
966 2685 1166 2750 subtraxisse
1181 2684 1312 2750 Adamo
1327 2686 1454 2768 gratiam

385 2771 507 2844 datam,
530 2779 599 2833 tum
626 2773 701 2854 quia
726 2770 799 2832 talis
823 2769 1005 2833 srtbtraots'o
1030 2789 1127 2854 poena
1146 2771 1280 2847 luisset;
1313 2779 1349 2834 at
1364 2789 1454 2854 poma

384 2857 478 2920 locus
502 2875 567 2918 non
589 2868 649 2930 est,
672 2856 727 2918 ubi
746 2855 838 2918 nulla
861 2865 1070 2940 praecesserat
1091 2857 1210 2940 culpa;
1242 2861 1312 2920 turn
1328 2857 1413 2939 qnia,
1431 2855 1453 2916 si

385 2941 477 3005 Deus
493 2941 705 3004 subtraxisset
720 2943 860 3023 gratiam
875 2939 999 3020 datam,
1015 2941 1182 3005 videretur
1196 2941 1394 3024 compulisse
1405 2941 1454 3002 ho·

384 3029 504 3092 minem
520 3025 563 3090 ad
580 3026 796 3108 peccandum,
819 3033 856 3090 ut
871 3045 973 3110 quum
988 3027 1158 3094 subductis
1170 3025 1334 3090 columnis
1348 3027 1453 3090 domus

382 3115 566 3176 necessarid
577 3115 712 3174 corruit.
744 3115 776 3176 8.
794 3111 904 3176 Deum
917 3112 1005 3175 hunc
1021 3113 1218 3196 prescivisse
1229 3113 1369 3196 lapsum,
1383 3111 1454 3174 alids

381 3199 509 3262 infinita
524 3199 593 3280 ejus
609 3199 745 3260 scientia
766 3197 830 3261 dici
846 3217 912 3262 non
938 3206 1056 3280 posset.
1100 3201 1132 3261 4.
1157 3197 1265 3261 Deum
1281 3198 1454 3263 decrevisse

382 3287 471 3348 hune
487 3283 611 3366 lapsum
630 3285 826 3364 permittere.
872 3283 960 3345 Naar
976 3286 1003 3346 si
1023 3302 1089 3346 non
1111 3283 1309 3347 deorerisret
1331 3283 1453 3367 permit·

380 3375 460 3442 tere,
491 3389 556 3430 non
583 3370 742 3449 potuisset
768 3371 858 3430 certd
886 3371 1038 3450 presciti,
1069 3371 1147 3452 quis
1173 3373 1291 3432 namra
1323 3369 1454 3432 hominis

380 3453 554 3517 mutabilis·
573 3471 639 3514 nos
665 3455 772 3535 potuit
798 3451 937 3515 fundare
962 3462 1086 3518 certam
1116 3456 1365 3537 prescientiam.
1408 3451 1452 3515 Ac

380 3557 505 3612 resera,
523 3540 552 3599 si
570 3557 611 3600 ne
627 3555 735 3620 passer
750 3537 879 3620 quidem
896 3537 986 3602 cadit
1007 3541 1041 3602 in
1062 3544 1184 3602 terram
1206 3542 1275 3603 sine
1291 3541 1454 3604 voluntate

382 3626 498 3698 Patris,
515 3623 586 3704 quis
599 3629 729 3704 putaret
744 3641 856 3686 casum
872 3621 971 3698 hunc,
986 3627 1042 3706 qui
1055 3629 1162 3688 totum
1176 3631 1301 3688 nature
1313 3625 1453 3688 ordinem

381 3707 597 3794 perturbavit,
620 3706 694 3770 Deo
707 3709 762 3771 rel
784 3709 888 3772 inscio
908 3707 961 3772 vel
976 3711 1080 3774 invito
1096 3709 1295 3791 contigisse?
1339 3713 1369 3773 5.
1395 3707 1454 3771 lla·

379 3795 481 3859 benas
496 3792 622 3892 laxasse
637 3791 776 3870 Satanae,
799 3799 837 3856 ut
851 3793 1036 3860 adoriretur
1051 3796 1228 3858 hominem.
1266 3795 1303 3858 d.
1327 3793 1453 3858 Occasi-

379 3877 994 4066 instituissemus
1010 3875 1453 4067 ιιιιιιιι

378 4069 489 4199 titt.
502 4048 851 4200 ‘sttttttltttl
865 4051 1361 4204 ..titttttttttlltz
1381 4067 1452 4198 lli

383 4219 546 4282 addidisse
571 4223 710 4301 gratiam
734 4241 854 4286 novam
875 4223 1031 4304 mojorem
1052 4226 1165 4308 gratie
1187 4221 1283 4286 datm.
1326 4223 1358 4286 9.
1382 4219 1453 4282 Non

382 4321 457 4372 eam
482 4321 619 4388 amasse
643 4305 773 4372 Adamo
799 4309 936 4393 petenti,
964 4309 1048 4375 niati
1072 4309 1160 4378 enim
1182 4305 1331 4376 Adamas
1357 4305 1471 4392 petiit.
