3000 5006
97 499 248 588 Cana]
294 461 297 472 Ι
451 513 497 562 aa
521 511 848 566 ssucrrrucsrrous.
1137 509 1201 574 all

142 673 194 736 ll.
217 669 271 735 Aa
285 669 408 734 bonum
420 689 504 754 opus
516 673 703 754 requiritur,
724 673 750 734 l.
763 671 809 736 Ut
820 671 988 756 fistjasla
997 677 1202 741 voluntatem

104 757 179 824 Dei
205 760 238 821 in
257 757 357 820 verbo
374 757 564 832 revelatam,
581 776 657 819 nam
675 761 774 820 unica
789 765 838 820 est
854 755 928 822 fidei
946 755 1141 846 mo'rumque
1157 763 1205 826 're-

99 845 199 926 gula,
221 849 255 907 et
277 851 449 926 peccatum
462 851 512 904 est
528 842 669 906 delectio
685 845 706 904 a
722 844 861 906 tal'rDei
877 843 1059 908 voluntate.
1102 849 1134 920 2.
1156 847 1204 914 Ut

97 933 144 993 sit
159 927 289 1012 aliquid
302 931 499 1009 positivum,
515 947 581 990 uon
594 927 685 992 nuda
704 929 746 990 ab
763 927 932 1012 operando
948 933 1086 996 cessatio
1098 955 1108 1009 ;
1122 933 1203 997 alius

42 1027 54 1048 ¹
97 1017 155 1099 qui
173 1015 299 1078 dormit
310 1022 368 1077 aut
379 1017 515 1090 otiatur,
530 1013 658 1096 quiaab
670 1013 839 1098 operando
852 1023 968 1091 cessat,
981 1015 1104 1079 bonum
1120 1039 1203 1101 opus

98 1119 204 1183 agere
219 1099 380 1163 dicendus
395 1107 490 1162 esset.
536 1099 790 1164 Observandum
803 1107 914 1163 tamen
928 1105 1144 1166 cessationem
1160 1105 1202 1168 ab

99 1185 277 1270 operando
293 1187 415 1249 bonum
433 1203 503 1248 csse
519 1203 614 1268 posse
629 1203 723 1268 opus,
739 1187 764 1248 si
777 1188 994 1268 conjunctum
1006 1187 1066 1250 sibi
1084 1189 1204 1252 lrabeat

98 1271 461 1355 propositumaliquod
486 1271 610 1332 bonum
629 1281 664 1332 et
678 1267 948 1353 positivum,‘aut
965 1273 991 1334 si
1007 1273 1050 1338 ab
1072 1275 1203 1357 agendo
1286 1277 1293 1286 '

99 1359 323 1433 abstineatur,
344 1361 424 1438 qnia
449 1359 572 1419 actioni
596 1357 779 1438 periculum
806 1357 941 1422 evidens
962 1360 996 1422 in
1046 1367 1200 1424 secatum

100 1441 250 1506 cadendi
266 1443 421 1506 adheret.
477 1441 508 1504 3.
533 1441 579 1506 Ut
594 1443 651 1504 liat
677 1445 752 1506 cum
769 1440 844 1519 flde,
867 1448 995 1506 etcum
1034 1463 1106 1508 rma
1128 1463 1202 1528 per·

100 1532 263 1592 suasione
283 1547 351 1592 rem
374 1545 444 1591 esse
462 1527 536 1590 Deo
551 1533 690 1611 gratam
713 1527 790 1592 nam
805 1529 965 1612 quicquid
978 1527 1199 1611 sinefidsfli,

102 1621 156 1679 ess
177 1619 364 1697 peccatum,
389 1614 486 1676 Rom.
502 1615 568 1676 xiv.
585 1613 638 1678 28.
655 1621 688 1677 et
709 1613 830 1696 ubsque
842 1611 916 1693 fids
931 1615 1137 1696 impossibile
1151 1621 1203 1681 ost

100 1697 179 1764 Dea
198 1704 345 1782 placere,
374 1699 459 1764 Heb.
475 1702 521 1762 xi.
548 1699 578 1762 6.
602 1698 691 1763 uude
709 1700 881 1783 apostolus
903 1698 996 1785 dicit,
1024 1700 1091 1764 Tit.
1108 1703 1129 1763 i.
1150 1703 1200 1766 lo.

94 1789 246 1870 possetis
260 1791 293 1850 st
306 1783 498 1866 infidelibus
513 1785 600 1850 uitii
609 1803 679 1848 asse
687 1805 821 1869 purum.
866 1785 1034 1870 Quicquid
1049 1788 1150 1869 igitur
1164 1783 1202 1848 fit

99 1872 264 1934 adversus
280 1873 490 1935 conscientie
513 1871 679 1933 dictamen
704 1881 880 1954 peccatum
907 1876 978 1946 est;
999 1873 1204 1934 conscientia

97 1957 238 2042 quidem
254 1975 320 2020 non
335 1963 384 2020 est
395 1958 563 2018 actionum
578 1965 764 2018 nostrarum
781 1956 837 2018 lex
848 1973 1011 2038 suprema,
1026 1955 1083 2020 sed
1094 1957 1203 2020 subal·

96 2051 200 2106 tsrna
226 2049 276 2105 est
302 2042 367 2117 lex,
389 2042 466 2104 crim
482 2061 561 2122 ergo
586 2044 660 2122 quis
680 2043 750 2122 agit
765 2041 968 2104 reclamante
988 2040 1200 2117 conscientid,

97 2135 186 2192 tuno
202 2133 329 2210 peccat,
353 2128 432 2209 quia
447 2123 481 2188 id
497 2132 640 2208 prestat,
663 2125 752 2207 quod
775 2125 882 2188 credit
896 2145 966 2189 esse
987 2125 1123 2190 malum.
1166 2132 1199 2191 4.

100 2213 150 2279 Ut
168 2214 212 2277 ob
228 2215 350 2277 bouum
367 2213 464 2275 linem
485 2212 554 2287 liat,
577 2231 695 2294 nempe
717 2211 760 2274 ad
775 2212 914 2294 gloriam
933 2211 1008 2288 Del,
1034 2213 1048 2275 l
1070 2211 1148 2276 Cor.
1165 2233 1198 2277 x.

99 2302 156 2365 31.
181 2300 261 2364 alias
272 2301 360 2362 mala
371 2305 448 2361 sunt
462 2301 584 2371 omnia,
600 2299 647 2365 sic
662 2300 875 2381 chunorum,
893 2299 1058 2380 precatio,
1071 2299 1201 2382 jq‘um'-

97 2405 171 2460 um,
194 2395 331 2470 peccata
356 2385 521 2446 habentur
540 2387 561 2446 a
577 2383 711 2444 Christo
736 2381 861 2444 Mettis.
887 2381 1089 2463 siquando
1115 2385 1201 2448 finnt

96 2491 179 2536 oum
196 2471 379 2534 intentione
393 2469 533 2550 gloriam
549 2468 592 2527 ab
608 2466 797 2528 hominibus
813 2465 1046 2548 consequendi.
1092 2465 1198 2535 Recte

97 2555 313 2638 Augustinus
328 2553 402 2614 Lib.
415 2549 477 2613 lV.
494 2557 612 2613 contra
626 2549 797 2612 lulianum
813 2565 886 2628 cap.
900 2551 931 2612 8.
949 2548 1116 2632 Quicquid
1124 2553 1201 2618 bons·

90 2643 145 2722 sst
157 2639 346 2714 abdomine,
366 2642 470 2700 stnou
478 2640 615 2718 propter
623 2633 743 2714 Isocflt,
754 2635 893 2718 propter
901 2637 987 2718 quod
993 2633 1200 2716 finissem

98 2743 188 2789 vero
198 2726 369 2806 sapientia
380 2723 567 2804 principi&
588 2723 653 2784 etsi
663 2719 770 2804 officio
783 2720 939 2812 vicissim
948 2721 1078 2800 bonum,
1089 2726 1198 2810 ipsum

105 2829 177 2873 non
194 2817 285 2873 recto
299 2809 364 2872 line
386 2816 560 2890 peccatum
576 2815 636 2870 est.

147 2895 214 2958 111.
238 2893 317 2958 Non
333 2893 453 2958 sulfioit
474 2893 518 2955 ad
541 2893 665 2955 bonum
690 2911 773 2975 opus
797 2895 1045 2969 interitionem
1072 2899 1098 2960 si
1126 2897 1195 2963 bae
1323 2969 1326 2978 ,

101 2979 281 3056 sufficeret,
303 2997 369 3043 non
386 2999 470 3061 opus
486 2985 572 3041 esset
586 2979 828 3040 illuminatione
844 2980 1031 3044 intellectus
1047 2981 1090 3043 ad
1107 3001 1198 3048 man·

98 3065 182 3130 data
196 3065 331 3130 Domini
346 3069 436 3128 recte
446 3063 614 3139 discenda,
636 3062 692 3124 sed
702 3061 863 3145 quicquid
877 3064 897 3124 t
912 3065 999 3126 bona
1013 3068 1198 3133 intentione

97 3153 376 3235 proficisceretur,
393 3153 452 3234 ipsi
466 3151 551 3212 loret
562 3155 750 3232 acceptum,
761 3147 847 3210 toret
858 3151 947 3214 enim
962 3149 1084 3214 bonnm
1098 3173 1198 3238 opus,

100 3241 159 3320 qui
182 3245 303 3322 putant
317 3239 534 3300 intentionem
547 3233 697 3298 sufficere
708 3233 749 3296 ad
767 3235 875 3318 operis
887 3237 1080 3314 bonitatem,
1102 3259 1196 3303 suam

100 3323 311 3388 voluntatem
330 3326 479 3386 omnium
500 3339 635 3404 operum
652 3321 798 3402 regulam
816 3321 955 3400 iaciunt,
976 3339 1016 3385 so
1032 3325 1114 3388 sein
1131 3327 1196 3391 Dei

99 3408 178 3472 loeo
190 3415 365 3494 reponunt.
399 3409 477 3472 Nou
494 3407 614 3471 sufficit
627 3425 758 3492 quoque
775 3409 897 3471 bonurn
910 3411 1126 3493 propositum,
1136 3413 1194 3477 sed

99 3503 246 3576 oportet,
262 3503 299 3558 at
321 3515 355 3558 se
370 3493 490 3578 prodat
504 3499 594 3570 actu,
616 3500 676 3556 aut
688 3494 803 3557 saltem
820 3493 903 3558 nihil
914 3513 956 3558 ex
973 3501 1067 3582 parte
1082 3497 1195 3562 nostrl

103 3583 215 3644 obstet
230 3584 407 3664 quominus
422 3587 517 3643 actus
533 3582 601 3662 ipse
613 3599 647 3642 se
659 3579 788 3664 prodat.

145 3665 206 3730 IV.
231 3667 319 3731 Hine
334 3667 499 3748 colligitur
513 3663 731 3729 Ethnicorum
747 3667 838 3730 lacta
849 3667 1022 3752 splendida
1037 3689 1104 3734 aon
1124 3689 1194 3738 esse
1211 3737 1218 3744 ,

99 3755 190 3818 bons
215 3771 335 3835 opera,
348 3755 425 3836 quia
450 3751 560 3834 plures
577 3753 625 3813 isse
650 3751 858 3815 conditiones
878 3753 1029 3820 deerant.¹
1072 3757 1194 3822 Vitrea

99 3840 164 3903 illa
190 3845 294 3902 erant'
308 3840 456 3914 virtutes,
492 3836 570 3899 dum
593 3835 814 3924 pellucebant
848 3839 1094 3922 frangebantur,
1116 3843 1194 3908 ada·

99 3927 287 3988 mantinum
303 3923 510 4005 splendorem
535 3924 569 3983 in
584 3923 762 4002 tragilitate
777 3925 971 4008 crystallina
994 3931 1194 3995 mentieban-

101 4018 168 4075 tur.
215 4009 293 4074 Non
310 4011 420 4071 nescio
435 4005 588 4090 equidem
614 4009 718 4070 multo
737 4007 779 4071 de
795 4009 947 4074 Etlmicis
966 4017 1097 4098 egregia
1113 4037 1192 4100 pra·

101 4097 226 4161 diesri:
249 4099 288 4158 ut
314 4093 355 4156 de
379 4097 524 4164 Socrate,
547 4109 644 4175 quem
670 4103 806 4159 narrant
826 4095 925 4158 luisse
941 4100 1144 4168 moderatum
1157 4107 1191 4170 io

101 4182 246 4262 terendis
272 4180 410 4262 injuriis,
443 4180 624 4244 constantis
649 4181 760 4255 animi,
793 4181 987 4267 invictaque
1012 4194 1193 4270 sententia,

101 4269 188 4352 frugi
214 4273 249 4331 et
272 4267 507 4336 continentem,
527 4268 711 4348 'temperate
726 4267 804 4329 item
827 4285 867 4332 ao
892 4277 988 4352 parce
1002 4277 1187 4352 viventem

100 4355 144 4420 de
158 4353 322 4431 Aristide,
337 4371 435 4438 quern
445 4353 609 4418 nemiuem
621 4353 746 4436 injuriis
756 4356 935 4439 incessisse,
946 4379 1006 4428 neo
1018 4365 1193 4448 quicquam
