2994 4996
339 415 398 538 tit
651 477 855 532 rnsonoars
874 473 1098 530 esnrsrrnsn.
1248 456 1334 547 [fit.
1351 457 1411 525 lv.

333 640 501 718 credibile,
524 641 633 703 Deum
649 657 770 720 poenas
785 642 921 699 aternus
938 633 1062 696 bomini
1076 634 1321 697 interminatum
1338 632 1415 694 fnis-

336 749 383 803 se,
405 727 486 790 nihii
512 729 590 788 verb
615 722 837 806 spopondisse.
895 721 1043 801 Dignum
1069 725 1119 782 est
1146 719 1232 790 Deo,
1258 725 1415 780 creature

333 819 456 876 mucre
472 831 506 874 se
521 813 773 880 communicare,
797 809 963 868 nonenim
982 811 1090 886 potest
1110 821 1182 868 eam
1198 821 1264 864 uon
1288 821 1414 878 amare;

333 899 474 961 amantis
497 901 607 958 autem
634 899 684 956 est
707 891 900 954 benefacere
926 897 1048 963 amato,
1070 891 1165 970 eique
1180 907 1215 950 se
1240 887 1414 950 fruendum

333 983 488 1065 prebere.
533 978 629 1048 Quod
654 979 769 1060 siquis
797 979 942 1049 miretur,
964 993 1024 1038 eur
1051 974 1144 1036 Dens
1169 972 1210 1035 de
1225 991 1322 1055 puna
1344 983 1414 1034 tan·

333 1073 405 1131 trt'rn
422 1068 588 1148 loquatur,
610 1063 652 1126 de
667 1064 799 1146 prmmio
818 1066 894 1124 verb
910 1061 1020 1134 siieat;
1042 1059 1089 1121 iiii
1105 1057 1214 1120 dicere
1237 1073 1415 1140 possemus,

334 1153 372 1215 iri
385 1154 469 1213 forte
496 1153 637 1223 faetum;
658 1146 876 1232 quiaAdamo
902 1146 1069 1208 innocenti
1085 1161 1168 1224 opus
1194 1143 1256 1204 fnit
1281 1142 1415 1205 distina-

334 1244 403 1301 tam
420 1237 487 1300 fieri
504 1237 702 1298 mentionem
717 1239 751 1294 et
762 1233 895 1312 pennati
907 1233 1004 1294 uetiti
1022 1237 1056 1291 et
1070 1230 1197 1304 mortis,
1209 1227 1365 1311 siquidem
1382 1229 1415 1290 iu

331 1332 422 1385 statu
448 1325 578 1402 integro
604 1328 643 1382 et·
656 1323 831 1400 paeonium
854 1323 888 1378 et
908 1319 1043 1379 mortem
1057 1315 1251 1395 ignorabat3
1282 1331 1345 1376 neo
1361 1333 1415 1376 ne·

333 1427 424 1471 resse
438 1415 509 1468 erat
524 1405 592 1467 fieri
610 1407 806 1466 mentionem
825 1403 909 1475 vitm,
932 1399 997 1482 qui
1012 1393 1183 1462 donandus
1198 1404 1278 1472 erat,
1294 1401 1320 1460 si
1334 1399 1416 1460 bene

332 1511 431 1573 agere
447 1491 653 1574 perrexisset,
675 1505 750 1550 nam
764 1484 830 1554 viti
845 1483 1035 1548 suavissimi
1045 1485 1114 1565 jam
1127 1483 1307 1559 fruebatur,
1328 1483 1417 1546 uude

332 1577 374 1639 de
390 1579 458 1638 vita
473 1576 583 1638 futura
593 1574 744 1656 judicare
760 1571 913 1633 facillime
928 1579 1067 1652 poterat.

378 1661 437 1724 lX.
460 1657 682 1724 iudicandum
703 1663 753 1720 est
775 1658 874 1738 igitur
898 1655 940 1718 de
959 1656 1102 1736 prcemio
1126 1673 1169 1717 ex
1190 1671 1306 1734 pruna,
1328 1661 1363 1717 et
1379 1659 1416 1716 nt

327 1765 432 1830 poena
462 1746 694 1828 complectitur
718 1745 830 1804 omnia
853 1741 949 1816 maia,
972 1747 1006 1803 et
1023 1749 1159 1802 mortem
1181 1745 1335 1802 eternam
1356 1741 1414 1802 im·

253 1897 255 1906 ’
329 1824 1415 1980 restititis*atttttmtttitmtttttittarsitii

330 2003 527 2065 immutabili
544 1962 727 2064 sa’notitnte.
765 1997 853 2060 iilud
868 1996 1080 2060 confirmatur
1095 2014 1137 2058 ex
1151 1995 1290 2078 eoquod
1305 1994 1415 2058 foedus

332 2085 458 2149 nature
473 2087 558 2149 idern
575 2091 625 2148 est
638 2103 713 2147 anm
727 2081 853 2147 fmdere
865 2099 1019 2164 opernm3
1041 2086 1078 2142 ut
1093 2083 1126 2142 iu
1141 2079 1353 2162 sequentibus
1368 2083 1415 2142 vi·

331 2171 491 2234 debimus.
535 2170 582 2234 At
607 2167 713 2232 fredus
728 2185 865 2250 opernm
885 2165 1102 2249 pollicebatur
1123 2167 1224 2228 sitam
1247 2173 1415 2243 aternam,

320 2255 461 2342 sachun
475 2258 625 2320 ciuiuus.

373 2341 415 2404 X.
434 2339 559 2404 Eadem
573 2343 640 2402 vita
651 2340 827 2404 fruiturum
839 2340 938 2403 fuisse
947 2337 1113 2402 Adamum
1127 2341 1153 2402 si
1167 2343 1416 2421 perseverasset,

330 2425 396 2510 qui
406 2427 478 2508 jam
493 2426 672 2501 fruebatur,
694 2425 827 2488 eredere
848 2445 914 2488 non
930 2443 1119 2510 possumus3
1145 2425 1242 2505 longe
1257 2425 1345 2488 anim
1361 2445 1418 2488 ve-

329 2512 516 2587 rosimilius,
542 2512 649 2594 majus
667 2511 795 2593 quidet
814 2511 930 2574 melius
947 2511 1055 2574 Deum
1072 2509 1202 2574 Adamo
1228 2509 1414 2592 poiiioitum

329 2599 430 2660 fnisse
455 2603 529 2680 post
544 2603 808 2661 consummatum
829 2597 1021 2661 obedientiis
1037 2613 1180 2670 ourssm,
1203 2613 1300 2676 quam
1325 2595 1417 2678 quod

328 2681 428 2746 modo
445 2681 648 2764 possidebat;
673 2684 719 2744 siu
745 2684 832 2745 enirn
857 2682 947 2745 nulio
975 2683 1107 2764 premio
1132 2679 1297 2756 desumi,
1323 2679 1417 2764 quod

329 2767 408 2830 Deo
430 2770 544 2848 parurn
561 2766 698 2846 dignum
722 2765 807 2830 foret
817 2787 831 2843 3·
848 2769 996 2850 quamvis
1012 2766 1094 2829 nihii
1109 2771 1269 2829 creaturis
1282 2765 1416 2830 debeat.

371 2852 433 2915 Xi.
457 2851 578 2913 Foedus
593 2851 677 2913 ittnd
691 2859 830 2914 voantur
846 2851 952 2914 fredus
971 2854 1135 2928 murato,
1151 2853 1228 2934 quia
1244 2852 1277 2914 in
1293 2859 1419 2916 ustura

327 2937 480 3013 bominis,
508 2951 606 3019 prout
634 2937 773 3018 primum
799 2939 820 2999 ri
851 2937 925 3000 Deo
949 2935 1084 3000 uendite
1110 2944 1170 3013 est,
1201 2942 1236 3000 et
1261 2938 1294 2999 in
1325 2939 1418 3001 iilius

325 3025 461 3096 viribus,
484 3017 652 3096 fundatur,
675 3021 732 3083 sed
747 3025 845 3086 etiam
859 3022 981 3085 dicitur
995 3022 1098 3086 rodus
1113 3025 1228 3106 legale,
1244 3024 1322 3105 quia
1334 3043 1416 3087 oon·

325 3107 408 3170 ditio
424 3125 466 3171 ex
484 3114 576 3190 parte
593 3107 733 3168 bominis
748 3109 947 3190 prescripta,
972 3108 1035 3170 fuit
1050 3109 1235 3172 observatio
1261 3107 1341 3188 tegis
1356 3127 1417 3172 na-

324 3198 419 3342 blm,
440 3192 599 3339 epjiadus
612 3211 757 3272 mrum,
780 3198 858 3276 quis
876 3193 1030 3275 operibns
1044 3193 1086 3256 ab
1101 3191 1233 3256 Adamo
1256 3199 1417 3275 praestan·

350 3281 378 3340 is
392 3281 460 3341 nite
483 3287 568 3339 atur.

368 3362 448 3426 ΧΗ.
472 3361 690 3425 Mediatorem
703 3383 768 3426 nou
782 3363 897 3426 babuit
908 3363 995 3426 istud
1008 3364 1123 3441 fmdus,
1138 3363 1297 3448 siquidem
1311 3364 1417 3428 bomo

324 3449 551 3512 eousideratnr
567 3446 620 3510 bfo
637 3457 672 3509 nt
680 3451 808 3530 piretus,
831 3454 866 3510 at
882 3448 1061 3514 mediatore
1075 3469 1142 3514 non
1157 3457 1257 3532 egent
1281 3453 1416 3536 peccati

323 3551 367 3596 ex
391 3541 486 3595 ertes.
1140 3547 1146 3557 ·
1257 3539 1262 3576 ἒ
1486 3535 1487 3544 ’

269 3627 314 3710 4
366 3555 465 3682 gilli.
490 3601 668 3680 vernm'ut
684 3620 716 3680 in
739 3619 828 3682 omni
843 3617 977 3682 -foedere
998 3629 1135 3684 externa
1150 3601 1298 3702 quedam
1322 3642 1418 3706 sym·

322 3703 399 3766 boia
425 3705 534 3779 locum
560 3703 680 3768 babere
706 3707 822 3778 soient,
845 3717 914 3786 quie
939 3705 1113 3770 foederatos
1138 3705 1235 3770 officii
1261 3713 1418 3784 mouent,
1486 3713 1487 3720 ’

320 3789 465 3873 ipsisque
480 3791 630 3871 promissi
646 3789 775 3853 ioederis
801 3791 846 3852 ob
860 3791 972 3852 oculas
989 3799 1133 3874 pounutr
1155 3794 1202 3855 ita
1218 3811 1353 3876 quoqne
1378 3795 1417 3856 in

322 3879 430 3956 primo
447 3875 567 3938 foedere
585 3875 658 3936 Deo
674 3893 750 3938 cnm
768 3876 953 3938 hominibus
963 3895 1060 3958 agere
1075 3880 1210 3960 ptacnit,
1232 3883 1267 3940 et
1281 3877 1417 3942 risibile

316 3959 396 4022 iliud
415 3963 557 4040 signnm,
579 3980 647 4042 quo
662 3979 776 4029 eorum
800 3961 897 4024 adem
919 3961 1048 4023 firmare
1074 3964 1190 4038 soluit,
1212 3964 1275 4026 fnit
1303 3962 1416 4026 Arbor

319 4048 415 4192 elpizo⁴
439 4065 510 4128 qnae
533 4049 566 4146 in
589 4045 698 4194 mpdtio
724 4047 891 4124 Paradiso,
914 4048 969 4110 ubi
993 4047 1159 4111 Adamnm
1183 4049 1417 4114 oollooaverat

356 4151 424 4205 eus,
450 4153 530 4193 cons
557 4153 616 4194 rere
639 4151 724 4196 aur.

361 4214 456 4277 xlv.
476 4153 716 4280 Depl’urndiso
735 4221 820 4299 (vox
835 4223 884 4279 est
902 4217 1037 4282 Persium
1057 4221 1223 4302 originis.)
1239 4219 1293 4282 hio
1309 4219 1415 4302 plura

312 4294 423 4364 dicere
445 4302 575 4364 animus
589 4321 655 4366 non
671 4309 732 4380 est,
753 4306 787 4366 in
803 4323 870 4387 quo
886 4303 961 4369 loeo
990 4309 1151 4370 terrarum
1167 4306 1278 4384 fuerit,
1298 4323 1342 4370 an
1370 4308 1413 4370 iu
