2994 4996
310 495 355 562 84
632 511 838 566 sunonoure
860 511 1084 567 ouursrrsrrs.
1254 495 1406 584 [Diali.

307 671 385 734 'nire
402 672 483 738 Enti
499 669 755 755 perfectissim03
776 693 843 738 non
855 694 898 738 ex
912 669 1058 738 essentia
1069 675 1105 734 et
1115 667 1309 747 existentia,
1324 687 1406 734 nam

301 761 456 822 'essentia
470 763 504 821 et
521 759 697 823 existentia
713 759 777 824 Dei
794 777 860 824 non
876 759 1050 836 differunt;
1070 755 1331 838 (observandum
1348 753 1407 820 irio

310 849 424 908 tamen
440 847 615 908 essentiam
631 851 666 908 et
679 847 889 910 existentiam
912 864 979 908 uon
996 845 1104 908 iacere
1119 843 1410 928 compositionem,

313 932 455 994 existere
465 932 553 993 enim
563 949 631 996 non
642 939 692 994 est
703 950 779 1014 pars
790 925 902 1006 totins,
914 950 988 1013 qua
1000 933 1034 994 in
1047 930 1118 1012 ejas
1129 930 1407 1012 compositionem

312 1015 536 1098 ingrediatur)
557 1035 625 1080 non
641 1035 683 1080 ex
698 1023 777 1082 acta
793 1023 826 1080 et
847 1017 1014 1106 potentia,
1036 1019 1112 1079 crim
1130 1013 1220 1080 Deus
1236 1015 1278 1076 sit
1293 1031 1408 1078 merus

312 1109 420 1178 actus,
452 1101 642 1166 nallatenus
671 1106 784 1187 itaque
810 1103 1013 1186 compositus
1038 1105 1099 1164 ost.
1143 1099 1174 1164 2.
1198 1097 1287 1174 Illud
1313 1097 1404 1164 idem

306 1189 479 1251 evincitur
489 1205 531 1252 ex
543 1188 778 1252 attributorum
790 1188 978 1252 divinorum
986 1187 1031 1250 ab
1040 1184 1181 1250 essenus
1191 1179 1315 1260 divini,
1330 1189 1406 1250 tum

311 1275 332 1338 a
347 1267 546 1350 seinvicem,
558 1275 613 1337 ias
655 1274 859 1352 mobilitate,
874 1293 914 1338 aa
930 1273 1068 1357 proinde
1083 1275 1212 1336 unitate
1226 1272 1295 1334 sire
1310 1271 1406 1332 idea·

311 1361 433 1422 tuate:
457 1377 532 1420 nam
549 1360 618 1422 nihi
646 1359 739 1424 aliud
753 1359 967 1442 intelligimus
983 1378 1041 1444 per
1056 1359 1300 1440 simplicitatem
1318 1353 1409 1431 Deis

311 1447 411 1528 quarn
429 1447 577 1507 omnium
593 1446 830 1510 attributorum
852 1445 912 1510 Dei
927 1447 1146 1512 arctissimum
1167 1461 1291 1508 nexum
1305 1445 1340 1502 et
1355 1441 1409 1503 in·

312 1529 483 1592 dividuam
498 1531 672 1594 unitatem.
714 1529 808 1594 Talis
830 1537 943 1594 autem
968 1531 1130 1596 identitas
1153 1527 1280 1613 patebit
1298 1529 1410 1590 atten-

312 1615 416 1691 denti,
438 1618 550 1679 omnia
564 1616 726 1686 attributa
742 1615 808 1680 Dei
823 1611 907 1680 nihil
921 1617 1013 1679 aliud
1028 1635 1097 1682 esse
1113 1618 1213 1698 qndm
1229 1613 1409 1678 essentiam

312 1700 390 1778 Dei,
413 1719 484 1784 quse
496 1704 603 1764 varias
618 1705 756 1786 suscipit
771 1701 1067 1778 denominationes,
1083 1699 1174 1784 quod
1190 1705 1282 1784 patet
1293 1717 1335 1764 ex
1350 1718 1409 1774 eo,

311 1783 403 1869 quod
428 1789 455 1848 si
476 1787 638 1852 attributa
657 1785 723 1850 Dei
745 1787 915 1852 differrent
936 1785 979 1851 ab
1001 1789 1143 1851 essentia
1166 1786 1243 1862 Dei,
1261 1783 1410 1852 essentia

312 1873 378 1936 Dei
395 1870 608 1955 perficeretur
623 1893 682 1959 per
695 1873 821 1961 aliquid
834 1877 854 1938 rt
866 1894 901 1938 se
916 1873 1048 1938 realiter
1062 1872 1267 1948 distinctam,
1287 1875 1324 1934 at
1339 1867 1410 1932 hoo

311 1955 379 2021 Dei
403 1959 600 2042 perfectioni
625 1967 798 2048 repugnat.
844 1959 974 2023 Rursus
998 1960 1160 2038 attributa
1184 1955 1408 2026 arctissimum

310 2046 536 2111 nexsm'inter
551 2065 587 2109 se
602 2045 724 2114 habere
743 2049 909 2124 evincitur
930 2065 972 2109 ex
987 2065 1041 2122 eo,
1061 2043 1152 2128 quod
1184 2043 1253 2126 (i.)
1273 2059 1408 2106 summa

268 2129 273 2140 '
310 2131 353 2191 sit
368 2125 455 2194 inter'
469 2129 676 2194 intellectum
693 2139 727 2194 et
742 2129 949 2196 voluntatem
967 2131 1032 2202 Dei
1047 2129 1215 2206 identitas,
1238 2147 1314 2190 nem
1331 2128 1409 2190 nni·

310 2229 370 2276 eus
396 2217 527 2278 tantum
554 2221 612 2280 est
627 2225 723 2286 aetus
748 2223 783 2280 et
805 2217 1075 2306 simplicissimus,
1093 2236 1165 2300 ‚quo
1181 2216 1293 2286 omnis
1309 2213 1407 2297 Deus

309 2299 384 2362 vult
396 2305 433 2364 'et
447 2301 615 2389 inteiligit,
637 2321 700 2380 nea
715 2303 750 2366 in
767 2303 878 2366 Deum
903 2308 1015 2388 potest
1047 2301 1090 2398 ad
1128 2301 1266 2399 edidit„
1306 2302 1361 2400 tp'
1408 2351 1425 2390 ᾖ.

192 2463 200 2474 ⁸
294 2385 497 2466 successio,
519 2392 615 2452 unius
642 2395 728 2472 poet'
747 2389 901 2462 aiterum.
942 2321 1126 2469 ijddodi,
1139 2365 1283 2472 isseraqu
1329 2401 1407 2450 ara

216 2468 224 2529 :'
308 2471 533 2564 virtut'es'flDei
549 2475 632 2544 nihii
647 2473 738 2536 alind
753 2477 804 2544 siu
845 2477 986 2574 qtpd'mty
1010 2473 1022 2544 l
1048 2473 1321 2566 ntps,pyottque
1335 2469 1408 2560 alio

307 2557 410 2620 modo
421 2557 651 2636 denominata,
673 2571 775 2648 queat
803 2579 839 2622 ro
866 2495 1163 2646 tapp⁴rdbdt*quod
1180 2557 1258 2628 Euti
1275 2555 1407 2644 perseo*

306 2643 435 2706 tissima
451 2647 622 2722 convenit,
644 2649 678 2710 et
690 2647 824 2728 improb
877 2643 967 2730 quod
983 2645 1064 2710 Enti
1080 2643 1316 2728 perfectissimo
1331 2661 1403 2708 nou

306 2731 475 2806 convenit,
498 2736 598 2812 prout
621 2729 696 2792 vult
718 2731 843 2810 bonum
870 2739 905 2796 et
928 2733 1100 2794 atersatnr
1121 2729 1256 2804 malum,
1277 2725 1406 2804 dieitur

307 2815 489 2888 sanctitas,
511 2820 609 2898 prout
634 2805 765 2879 rnlt‘se
786 2817 1032 2878 communicare
1051 2812 1222 2892 creaturis,
1242 2813 1403 2885 doattw

306 2907 409 3046 prout
432 2900 504 2970 vult
527 2899 567 2962 iis
591 2917 625 2962 se
651 2897 866 2992 conjungere,
888 2907 1013 2976 amors
1037 2905 1137 2984 prout
1158 2899 1234 2988 vult¹
1248 2899 1406 2970 conterre

333 2982 407 3048 ona'
423 2980 550 3070 iis‚¹qtri
579 2985 661 3048 nihil
683 2987 753 3054 ,tale
779 2987 887 3050 meriti
909 2988 1015 3062 erant,
1036 2987 1153 3077 gratia
1165 3007 1179 3062 ,·
1213 2990 1313 3070 prout
1327 2985 1406 3064 uult

307 3071 435 3134 miseris
445 3085 637 3136 succurrere
650 3078 688 3135 et
701 3075 817 3138 re'v'era
829 3075 1003 3149 succurrit,
1023 3073 1277 3144 misericordim·
1299 3069 1405 3154 prout
1495 3077 1496 3118 ff

308 3175 370 3220 saa
395 3160 557 3240 promissa
578 3163 613 3221 et
631 3161 909 3224 comminationes
924 3159 998 3221 vult
1011 3161 1130 3241 exequi
1146 3165 1181 3220 et
1195 3173 1310 3220 resera
1323 3175 1407 3220 exe·

305 3245 432 3326 quitur,
454 3244 626 3309 veracitas
639 3249 671 3308 ei
686 3249 838 3322 inritam
869 3263 940 3329 aaa
955 3249 1067 3312 tamen
1080 3245 1183 3308 etism
1198 3263 1235 3308 se
1247 3241 1408 3308 extendit

306 3327 352 3390 ad
366 3347 465 3392 omne
480 3329 526 3406 id,
548 3328 639 3412 quod
656 3331 781 3394 revelat
800 3331 893 3394 Deus
914 3329 1060 3406 homini3
1093 3333 1193 3411 prout
1208 3333 1405 3412 peccatores

307 3414 427 3496 punire
442 3415 516 3478 vult
534 3424 569 3478 et
592 3418 700 3497 punit,
722 3417 788 3496 ira,
810 3421 845 3479 et
860 3417 1006 3498 justitia
1031 3415 1268 3487 vindicatriar
1299 3419 1407 3496 prout

306 3507 550 3575 remuneratur,
564 3502 710 3583 justitia
727 3503 983 3597 remuneratrix,
1004 3508 1105 3584 prout
1122 3499 1236 3564 adres
1250 3497 1404 3568 nondum

304 3585 487 3734 productas
512 3585 664 3663 retertur,
686 3587 851 3672 putentia.
897 3587 1102 3654 necareris
1130 3585 1194 3650 Dei
1221 3586 1407 3652 uirtutibus

319 3671 405 3736 aaile
419 3677 469 3734 est
484 3669 671 3750 ostendere,
693 3675 855 3754 qnantum
871 3673 958 3736 inter
973 3693 1008 3736 se
1024 3678 1059 3737 et
1071 3691 1147 3738 oum
1164 3669 1306 3736 essentie
1317 3669 1406 3734 divi·
1494 3713 1495 3724 η

303 3755 348 3823 ud
363 3773 467 3823 rmum
483 3759 557 3820 sint.
602 3760 634 3826 ³,
658 3757 712 3822 Ita
726 3759 905 3842 probamus
917 3759 1082 3828 attributa
1093 3758 1158 3830 Dei
1172 3763 1208 3824 et
1221 3757 1405 3842 pertentiu-
1494 3753 1495 3795 ³

304 3841 421 3912 nesab
437 3845 509 3926 ipso
526 3843 614 3920 Deo,
632 3851 695 3910 aut
708 3845 730 3910 ri
743 3863 780 3914 se
795 3845 937 3914 inviaen
954 3847 1099 3929 separari
1114 3863 1182 3912 uon
1198 3861 1305 3926 posse,
1320 3845 1405 3926 quis
1429 3879 1446 3913 ,ι

302 3931 332 3992 si
348 3927 413 3994 hoo
432 3937 530 4007 esset,
551 3929 647 4000 Deus
672 3937 783 4014 posset
804 3933 929 4016 privari
955 3925 1068 4014 aliqud
1092 3926 1307 4013 perfectione.
1352 3927 1429 3992 At:
1447 3951 1494 3977 ··¹

302 4011 369 4082 hoo
385 4016 544 4100 implicat,
566 4015 632 4084 diei
655 4019 742 4080 enim
759 4036 826 4086 aon
843 4021 955 4101 posset
970 4015 1041 4086 Eas
1056 4019 1182 4090 summe
1201 4015 1402 4100 perfeetum,
1493 4041 1494 4054 ¹

302 4101 330 4162 si
347 4107 457 4180 posset
473 4103 594 4186 privari
608 4101 723 4186 aliqua
738 4103 954 4191 perfectione,
1027 4123 1031 4132 ·
1071 4161 1080 4186 2
1110 4169 1113 4179 Δ

345 4183 390 4246 11.
415 4185 496 4252 Hac
510 4192 698 4272 proprietas
711 4189 771 4252 soli
786 4187 860 4258 Deo
875 4189 1048 4273 competit,
1067 4177 1147 4258 adm
1159 4191 1193 4252 iu
1209 4187 1282 4252 aiiis
1297 4185 1401 4257 rebus
1493 4205 1494 4216 ¹

294 4273 369 4338 'non
381 4274 765 4356 percipimasattribnta,
782 4267 939 4360 tanqtram
952 4277 1074 4351 omnis,
1091 4275 1326 4356 simulinncta,
1336 4277 1406 4336 aut

298 4357 347 4422 ita
353 4357 490 4442 juncta,
513 4365 552 4421 ut
569 4377 671 4424 unum
687 4361 757 4425 sine
778 4361 884 4426 altero
901 4361 999 4445 plane
1014 4379 1167 4431 essenon
1189 4360 1303 4452 possit.
1349 4355 1401 4428 Ar
1493 4425 1494 4461 ,
