2986 5160
58 485 149 568 Gap.
170 479 234 567 lt}
484 495 534 547 ne
557 495 732 552 nummus.
1089 493 1154 566 379

51 654 157 717 nimis
172 657 299 728 coctus,
320 649 501 716 secundum
518 652 684 732 Hillalom,
705 656 759 720 rel
780 659 856 720 crim
880 657 1052 723 formosior
1067 677 1154 724 uxor

57 738 313 820 potest-haberi,
334 737 517 800 secuudum
535 740 686 802 Alciburn.
732 741 884 826 Plerique
898 743 1060 826 Theclcgi
1075 765 1153 810 cen·

56 823 193 886 sentcb
215 821 412 884 malitiosam
435 819 656 886 desertionem
681 820 832 909 abrumpi
850 831 1093 891 matrimonium
1109 849 1154 892 ex

56 907 274 990 locc?aulil
294 903 372 967 Cor.
388 907 441 967 rii.
460 907 511 968 lb.
555 905 754 987 &infidelis
767 929 802 974 sa
816 917 957 992 saporat,
972 918 1157 994 separares·

55 997 139 1064 salo,
160 1011 227 1054 nors
252 992 341 1052 assim
361 991 520 1056 assuunt
541 992 707 1072 subjectus
718 997 837 1075 statar
850 1001 911 1058 unt
933 1017 1026 1060 soror·
1040 1000 1077 1059 in
1096 997 1152 1060 isis

54 1079 206 1138 casinus.
252 1073 318 1136 Hic
337 1075 432 1136 locus
445 1075 541 1137 aliter
556 1076 599 1136 ab
614 1076 686 1138 aliis
705 1079 902 1162 explicatur,
924 1083 1006 1144 nihii
1030 1080 1153 1145 decidi·

56 1181 142 1222 mns.
188 1159 282 1222 Alias
295 1157 513 1222 diroru‘orum
528 1177 645 1222 cnusu
658 1159 808 1244 quamvis
822 1165 1057 1247 imperatorum
1073 1183 1153 1228 aun·

56 1247 196 1308 scritate
220 1245 374 1318 sancitas,
395 1249 429 1305 et
448 1244 762 1324 jurisconsultorum
791 1247 975 1329 patrocinio
1000 1250 1153 1313 defensas

55 1349 126 1391 non
142 1329 364 1410 agnoscimus,
386 1332 464 1390 utsi
484 1328 583 1392 horno
598 1332 642 1391 sit
664 1331 841 1409 renelicus,
862 1336 887 1396 si
915 1335 1103 1416 perduellis,
1124 1337 1152 1396 si

57 1411 239 1486 homicida,
255 1415 288 1474 si
313 1412 464 1474 falsitatis
483 1415 621 1476 crimine
640 1413 826 1490 damnatus,
847 1419 874 1480 si
901 1419 1151 1500 sepulchrorum

55 1496 252 1572 dissolutor,
265 1498 291 1558 si
301 1499 401 1559 sacris
411 1496 534 1560 rudibus
545 1497 668 1580 aliquid
680 1502 889 1576 subtraxerit,
904 1506 931 1565 si
944 1505 1028 1568 latre
1039 1505 1152 1580 inerit,

55 1582 111 1644 rel
139 1582 306 1644 latronum
331 1589 513 1662 susceptor,
543 1583 595 1644 rel
620 1583 768 1659 abactor,
790 1585 841 1648 rel
868 1586 1057 1668 plagiarius,
1089 1589 1152 1652 dc.

55 1665 261 1747 HuJ'usmodi
276 1666 529 1730 coustitnhnnes
544 1666 701 1750 leguntur
721 1671 754 1732 iu
769 1667 894 1733 Codice
911 1673 966 1734 lib.
983 1692 1014 1735 r.
1036 1675 1088 1736 tit.
1102 1674 1153 1737 Π.

54 1753 112 1814 De
140 1747 311 1832 Repudiis,
343 1753 376 1812 in
398 1749 572 1832 Rescripta
597 1749 775 1816 Theodosii
798 1761 832 1816 et
848 1755 1074 1820 Valentiniani
1097 1761 1157 1820 im·

52 1833 1153 2006 trituratilliniti,iuliillrsiriirtui,tlt

52 2021 187 2079 musas,
208 2023 274 2066 non
292 2005 396 2084 magis
411 2004 599 2086 probamus.
644 2005 723 2068 Non
751 2007 891 2068 hominis
907 2015 957 2070 est
980 2009 1093 2071 laxare
1106 2009 1152 2071 le·

50 2107 132 2172 geru
149 2105 249 2172 quarn
262 2088 355 2151 Deus
369 2087 562 2151 adstrictam
577 2087 694 2152 voluit.
740 2089 814 2153 Nec
829 2090 1018 2166 dicendam,
1040 2094 1153 2156 matri·

51 2175 206 2238 monium
229 2191 301 2236 esse
322 2179 533 2236 contractum
549 2191 638 2235 mera
661 2173 867 2253 humanum
888 2183 938 2240 est
960 2180 1048 2240 eninr
1072 2195 1152 2240 con·

50 2265 188 2322 tractas
202 2261 338 2332 mixtus,
358 2256 461 2320 habet
482 2257 726 2340 quodamque
749 2259 884 2324 hnmani
907 2261 1036 2325 arbitrii
1060 2269 1152 2338 sunt,

49 2343 208 2428 quadam
224 2359 297 2424 qua
307 2343 393 2424 jnris
407 2341 521 2404 divini.
566 2343 635 2408 illis
650 2341 802 2426 derogari
819 2354 929 2428 potest
939 2349 1151 2429 magistratus

48 2430 269 2503 anctoritate,
290 2445 358 2490 non
374 2429 454 2490 istis.
592 2463 594 2468 ·
1089 2463 1093 2472 ι

94 2513 143 2575 V.
168 2511 401 2596 Unusquisque
416 2514 662 2574 matrimonium
674 2518 785 2593 potest
803 2514 897 2588 inire,
920 2514 1019 2577 mndd
1034 2517 1076 2576 sit
1089 2535 1150 2576 nu·

48 2600 142 2673 hilis,
165 2603 200 2660 st
215 2611 313 2658 numo
328 2598 718 2678 perpetuiscontinantire
731 2603 809 2659 roto
828 2598 888 2659 sibi
905 2598 1151 2680 laqueum-inji-

50 2699 132 2748 cere
149 2681 269 2757 dehet;
290 2684 367 2744 crim
379 2699 422 2744 ne
435 2681 571 2744 senilem
580 2688 711 2744 atatem
722 2682 818 2744 extra
828 2684 966 2745 ustionis
976 2683 1081 2744 aleam
1094 2703 1152 2764 po·

48 2771 154 2832 sitam
167 2785 239 2828 esse
248 2771 379 2830 constet
391 2765 502 2828 multis
513 2765 684 2848 exemplis,
699 2773 733 2828 et
743 2771 875 2848 praestet
889 2769 1007 2830 ducere
1016 2785 1153 2830 uxorem

48 2854 158 2936 quum
173 2853 241 2926 nri,
264 2851 279 2912 1
300 2849 447 2913 Comii.
467 2852 497 2911 9.
543 2851 617 2914 Nee
633 2849 833 2926 dubitamus,
855 2855 936 2932 qnin
953 2853 1011 2926 iili,
1033 2855 1088 2935 qui
1104 2859 1153 2914 te·

48 2944 147 3002 mere
170 2953 211 3000 ac
235 2935 338 2998 stulte
356 2935 424 2997 tale
439 2940 552 2997 rutum
573 2944 818 3016 nuncuparunt,
840 2937 882 2996 ab
896 2955 936 2996 eo
952 2935 1035 2998 serit
1051 2939 1153 3017 pmni·

48 3019 164 3087 tentih
178 3039 249 3084 sese
264 3021 434 3083 exsolvere
445 3022 582 3100 possint,
603 3022 671 3080 imri
684 3019 727 3080 ad
738 3020 772 3080 irl
783 3019 922 3098 obligari
936 3020 1110 3093 oredimus,
1125 3023 1153 3084 si

49 3111 102 3170 nri
125 3125 165 3170 sa
191 3103 387 3179 attendant3
415 3101 640 3167 Tolerabilius
660 3108 720 3177 ast,
741 3105 789 3165 ait
805 3103 994 3165 Concilium
1020 3103 1141 3165 Toleta

47 3211 133 3256 unm
147 3203 229 3253 vnn.
245 3209 275 3254 c.
292 3191 323 3252 2.
345 3191 461 3254 stulta
473 3187 709 3268 promissionis
726 3193 805 3250 catu
815 3189 963 3268 rejr'oara,
978 3189 1076 3269 purim
1087 3207 1152 3269 per

50 3275 236 3342 inutilium
257 3277 499 3358 promissum
513 3272 702 3336 custodiunt
715 3271 953 3335 ammaum
975 3274 1154 3335 criminum

51 3361 444 3510 meiiiwdincdr'isiidiidrim
458 3461 525 3506 non
537 3446 854 3518 utsamamentum,
874 3461 938 3506 nee
953 3443 1038 3506 enim
1053 3441 1154 3505 habet

49 3531 219 3614 requisita
228 3531 263 3592 in
274 3531 499 3604 sacramentis,
509 3534 547 3591 nt
557 3529 685 3610 patebit
695 3531 770 3592 crim
782 3527 825 3591 de
835 3529 1049 3590 sacramentis
1064 3528 1153 3590 dics·

47 3635 142 3680 mus.
190 3612 316 3678 Mirum
332 3617 411 3677 sane
428 3620 478 3676 est
492 3613 535 3676 ab
551 3616 589 3676 iis
603 3613 855 3678 snntrimcnium
870 3631 929 3695 pro
945 3617 1154 3676 sacramenta

49 3701 186 3775 baberi,
200 3701 258 3782 qui
273 3698 356 3762 illud
370 3703 500 3766 ἀνόητον
514 3717 585 3762 esse
596 3698 739 3762 credunt
753 3717 828 3760 cnm
842 3699 971 3770 ordina,
983 3715 1079 3780 quem
1093 3713 1153 3777 pro

46 3790 268 3850 sacramento
283 3801 417 3867 qnoque
432 3783 564 3846 habent.
608 3783 642 3844 Si
658 3785 745 3846 enim
758 3784 1005 3848 matrimonium
1018 3779 1156 3844 remedi·

47 3891 109 3934 nm
128 3875 252 3934 contra
265 3869 570 3950 concupiscentiam
585 3868 743 3950 applicat,
758 3885 826 3929 non
845 3865 986 3940 videtur,
1001 3883 1062 3928 cur
1076 3881 1153 3926 cum

45 3957 121 4020 alio
143 3959 356 4018 aeramento
366 3959 452 4016 esset
465 3958 614 4028 &isam
631 3953 695 4014 hoc
706 3952 794 4014 enim
806 3949 952 4012 remedio
968 3967 1034 4012 uon
1047 3950 1155 4010 ruiuris

44 4045 159 4126 egent
172 4039 295 4102 clerici.
340 4036 467 4101 Mirum
490 4055 624 4119 qnoque
637 4041 881 4100 sacramentum
899 4053 970 4098 esse
989 4037 1027 4097 iis
1044 4035 1156 4096 matri·

43 4127 220 4197 monium,
232 4126 289 4207 qni
302 4125 337 4187 in
346 4121 430 4185 illud
439 4121 621 4206 aliqnando
633 4123 681 4183 ita
695 4120 956 4194 debacchantur,
967 4125 1006 4182 ut
1019 4119 1156 4181 Siricir'rs

44 4215 153 4294 Papa
166 4209 331 4272 laudante·
343 4207 541 4274 Innocentio
557 4219 611 4269 m.
627 4204 717 4288 apud
728 4206 928 4267 Gratianum
943 4205 1017 4266 dist.
1029 4203 1081 4266 28.
1098 4203 1155 4284 qui

43 4296 248 4378 conjugatis
268 4291 461 4376 applicabat
481 4289 562 4356 illud
581 4290 697 4367 Pauli3
713 4288 785 4362 Qui
798 4292 879 4352 sunt
893 4291 931 4354 in
950 4309 1063 4368 carna,
1083 4286 1155 4354 Dan

38 4385 188 4466 placore
201 4397 268 4446 nun
279 4381 432 4462 mrum,
453 4376 511 4446 sed
531 4375 575 4446 de
590 4376 800 4444 matrimonio
816 4376 905 4440 satis.
