2986 5160
353 375 419 441 eti
673 377 876 434 ruuouoors
897 375 1121 434 cosumus.
1238 365 1443 455 [ΜΣΝ.

347 545 420 630 (2.)
436 541 490 606 Ex
502 529 638 606 silentio
653 539 780 618 irenei,
792 531 1212 615 Clementisllleaaurlriu'i,
1227 537 1442 620 Tertulliani,

351 632 524 716 Cypriani,
540 628 701 710 origenis.
746 630 818 708 (3.)
838 627 892 689 De
909 627 970 689 hac
985 631 1178 690 adoratione
1191 627 1272 689 urbii
1287 631 1319 690 iu
1343 629 1440 690 litur-

373 719 423 792 ils,
445 733 517 798 qua
533 721 683 797 prostant
703 714 765 776 sub
785 715 973 775 uomiuibee
988 713 1026 772 St
1057 712 1159 788 Petri,
1174 713 1221 778 st.
1245 712 1376 788 iacobi,
1388 717 1439 777 St.

392 801 479 864 arei:
511 819 575 862 neo
589 802 623 862 iu
639 815 690 872 ee,
712 815 785 881 quse
797 805 892 861 extat
906 800 940 860 iu
967 798 1053 860 libro
1068 797 1247 860 constitut.
1266 799 1439 880 Apostoli.

349 903 475 960 earum,
503 901 565 948 ueo
590 887 623 946 iu
650 887 780 966 seriptis
807 883 1107 967 PseudoDioaysil
1132 883 1353 966 Areopagites,
1376 889 1436 966 qui

348 975 502 1054 expresse
516 970 558 1032 de
574 969 796 1034 celebratione
810 971 1008 1032 sacramenti
1022 973 1100 1050 agit.
1144 969 1213 1046 (4.)
1237 969 1322 1031 illud
1346 970 1436 1032 idem

348 1061 524 1129 evincitur,
549 1075 646 1118 exeo
672 1055 760 1154 quod
777 1063 897 1152 vocent
926 1061 962 1114 et
987 1055 1165 1154 elorimum
1188 1051 1300 1153 Patres
1317 1073 1434 1154 'saera-

349 1150 509 1298 ffllffi:
522 1145 1075 1300 'lr'rrloetz'rgtri'tliffluellumoffes'sflss
1090 1142 1440 1304 ᾳοιῒὲῗξιῗιῖἒοᾮεέἱιῖ

347 1313 374 1376 si
390 1331 464 1375 eum
482 1327 552 1374 esse
566 1307 772 1371 adoraudum
789 1309 968 1372 voluisseut
985 1309 1190 1391 persuadere.
1223 1309 1301 1389 Ι(5.)
1325 1311 1379 1375 ttx
1393 1332 1436 1374 eo

346 1397 435 1482 quod
451 1395 493 1460 ad
504 1399 655 1458 absentes
665 1395 786 1478 absque
795 1395 864 1456 ulla
875 1399 1069 1457 omremouia
1085 1395 1268 1459 mittebant.
1300 1395 1339 1473 (6
1353 1399 1370 1476 )
1382 1395 1435 1460 Ex

347 1481 493 1632 §Zilil
503 1479 908 1647 :litteraliter
920 1481 1291 1630 itti-’ttulit
1302 1481 1437 1630 lili.

345 1651 518 1718 aeribeudo
547 1655 607 1727 uti,
634 1651 814 1736 particulos
835 1667 944 1714 neres
966 1669 1042 1714 eum
1067 1651 1212 1714 fidelium
1237 1655 1434 1734 corporibus

344 1739 494 1824 sepelire,
517 1757 592 1821 que
619 1747 842 1800 remanserant
869 1745 1003 1818 peraeta
1025 1741 1258 1800 eommuuioue
1272 1755 1434 1816 ommate,

346 1827 400 1890 rel
426 1829 458 1888 iu
477 1833 613 1906 puteum
636 1825 804 1905 projicere.
849 1825 918 1904 (7.)
942 1821 994 1885 Ex
1017 1823 1225 1904 Pagauorum
1249 1831 1285 1886 et
1298 1823 1432 1888 iudeo·

344 1929 417 1974 rum
443 1911 584 1982 silentio,
599 1911 653 1993 qui
680 1911 769 1972 haue
790 1907 891 1971 dubio
914 1909 1030 1991 procul
1058 1909 1253 1972 Christianis
1269 1909 1432 1992 objectas·

343 2005 417 2058 seut
431 1996 671 2068 adorationem,
694 2003 729 2056 ut
749 2001 823 2076 post
846 1991 1057 2058 undecimum
1073 1995 1221 2057 aeolum
1237 1995 1432 2076 objecerunt

345 2077 632 2152 Muhammedaui,
655 2077 761 2142 iudei
789 2088 823 2140 et
854 2079 1056 2163 Philosophi.
1100 2082 1169 2162 (8.)
1192 2079 1244 2143 Ex
1273 2101 1314 2144 eo
1345 2081 1431 2164 quod

343 2167 458 2230 Patres
474 2181 539 2224 uon
563 2163 661 2224 modo
677 2163 837 2224 damuaut
851 2177 908 2225 eoa
923 2168 979 2246 qai
993 2165 1113 2228 uolunt
1133 2185 1174 2230 ea
1195 2185 1270 2248 qum
1286 2167 1427 2228 humano

341 2247 492 2336 presidio
507 2255 700 2328 egeutqure
717 2249 829 2328 muris,
844 2250 934 2326 seris,
951 2251 1116 2332 repagulis
1131 2255 1249 2314 muniri
1270 2251 1428 2332 indigent,

341 2333 399 2400 sed
411 2339 444 2396 et
459 2351 619 2394 summam
633 2351 702 2394 esse
718 2335 879 2394 insaniam
894 2343 1042 2396 asserant
1062 2335 1200 2399 adorare
1215 2337 1303 2420 quod
1317 2357 1425 2400 eome-

340 2421 443 2496 ditur‚
465 2417 656 2480 Theodorei
681 2421 714 2480 iu
736 2417 855 2508 Geues.
875 2418 996 2487 Quart.
1021 2421 1074 2483 ⁶5.
1101 2420 1143 2484 T.
1163 2423 1189 2485 l.
1234 2421 1334 2490 Quod
1358 2426 1425 2506 ipse

339 2506 505 2572 Arerroes
523 2505 673 2585 agnovit,
687 2503 819 2566 dicebat
831 2501 936 2578 euim,'
946 2513 984 2568 ut
999 2506 1101 2569 refert
1116 2503 1216 2570 Card.
1240 2507 1423 2584 Perrouius,

340 2591 384 2656 Se
405 2594 530 2654 sectam
555 2589 760 2662 Christiano,
786 2587 980 2666 (Pontifioil
1001 2591 1145 2674 seilicet)
1160 2596 1354 2658 deteriorem
1368 2597 1425 2658 out

341 2677 535 2758 ineptiorem
562 2675 688 2737 nullom
711 2679 865 2755 reperire,
887 2693 986 2756 quom
1007 2679 1067 2758 qui
1080 2681 1261 2760 sequuntur
1282 2683 1313 2743 ii
1338 2699 1427 2762 quem

340 2763 461 2834 coloni,
486 2757 592 2819 Deum
613 2757 766 2820 dentibm
796 2761 871 2822 euie
902 2763 1096 2843 discerpunt
1136 2771 1233 2846 etque
1255 2766 1427 2830 devorant.

340 2847 371 2908 5.
397 2843 543 2908 Ulterius
559 2861 625 2942 nou
647 2861 719 2905 esse
743 2843 946 2908 adoraudum
971 2845 1214 2912 Eucharistiam
1239 2851 1428 2934 probemus,

337 2927 1429 3098 lxtltlttlttlttittzttililtittttttffltttt

284 3105 295 3116 '
334 3105 463 3188 jectum
476 3099 687 3162 adorationis.
734 3101 779 3166 At
797 3101 1012 3168 Diriuitetem
1032 3104 1155 3168 Christi
1172 3109 1205 3169 iu
1220 3116 1436 3174 memento.

338 3185 541 3254 adorandam
558 3203 625 3248 uou
646 3205 727 3260 esse,
743 3191 846 3269 patet,
861 3207 904 3252 ex
919 3191 1065 3272 eoquod
1080 3195 1127 3255 sio
1142 3203 1334 3275 sequeretur
1344 3213 1426 3276 quo·

339 3293 405 3360 que
423 3271 592 3334 Christum
609 3290 678 3333 esse
694 3271 899 3336 odorandum
920 3278 953 3338 iu
971 3277 1134 3359 baptismo
1149 3279 1204 3342 ubi
1220 3285 1311 3362 oque
1332 3279 1428 3344 'adest

338 3381 379 3426 ao
392 3363 423 3423 iu
437 3373 542 3420 oona.
587 3353 712 3420 Verum
729 3367 855 3421 certum
868 3367 918 3422 est
930 3381 989 3425 uos
1003 3381 1069 3426 uou
1080 3363 1218 3448 obligari
1230 3365 1275 3428 ad
1286 3369 1425 3430 adorau-

338 3447 419 3510 dum
437 3441 547 3506 Deum
569 3441 763 3506 odoratioue
789 3445 938 3522 externi,
960 3449 1160 3532 ubicumque
1174 3449 1280 3526 adest,
1295 3449 1353 3514 aed
1372 3451 1426 3516 ubi

338 3533 432 3596 adest
460 3545 534 3591 eum
553 3527 653 3590 radiis
679 3531 860 3611 mejestatis
873 3532 1035 3614 glorioso,
1051 3542 1085 3598 et
1108 3537 1164 3598 ubi
1182 3535 1255 3598 volt
1275 3535 1427 3602 adorari:

337 3617 418 3682 aliis
433 3613 624 3676 adorandus
638 3621 723 3677 esset
738 3619 772 3678 iu
786 3617 958 3682 arboribus
973 3626 1008 3684 et
1022 3621 1230 3684 animalibus.
1274 3621 1427 3688 Adoreu-

338 3704 399 3770 dus
412 3707 461 3765 est
476 3701 508 3762 iu
526 3700 626 3775 eoells,
642 3701 698 3764 ubi
720 3701 863 3784 gloriose
876 3723 911 3766 se
927 3707 1096 3790 patelaeit,
1114 3715 1151 3770 ut
1162 3707 1241 3770 olim
1257 3709 1300 3771 ad
1313 3727 1424 3772 aream

337 3787 552 3860 adorabatur,
584 3788 664 3869 quia
684 3788 728 3850 ibi
757 3787 850 3851 Deus
877 3809 912 3854 se
942 3793 1173 3875 peteiaolebat.
1199 3791 1427 3874 ,Adoraudus

335 3880 448 3960 itaque
476 3869 640 3948 Christus,
665 3879 701 3935 at
726 3889 793 3936 uon
826 3873 1044 3944 Eucharistiae
1069 3887 1326 3944 sacramentum.
1373 3881 1422 3943 llli

339 3959 472 4024 Christo
484 3957 665 4034 adorando,
679 3965 716 4021 ut
730 3965 764 4022 et
777 3959 866 4024 Patri
882 3963 1082 4052 Spirituique
1096 3965 1222 4030 Sancto
1237 3968 1280 4030 sit
1296 3967 1386 4043 lna,
1396 3971 1427 4028 et

337 4041 443 4130 gloria
457 4045 491 4108 iu
507 4043 620 4108 secula
634 4045 832 4111 seculorum.
859 4047 977 4114 Ameu.
1147 4075 1149 4082 ·
