2994 4996
373 455 415 520 80
674 466 877 518 rseouours
898 465 1123 518 cunrsrrsus.
1305 455 1393 544 [Lib.
1405 461 1450 531 ΙΙ.

358 646 460 704 orum.
505 623 574 688 Jer.
590 625 682 688 xxiii.
700 625 816 688 2824.
853 625 973 689 Annon
995 625 1296 690 coetometrman
1317 631 1449 714 impleo.

361 713 414 776 Pe.
431 713 566 774 cxxxix.
583 711 612 772 7.
627 713 657 774 8.
671 711 700 773 9.
716 711 764 773 10.
799 709 869 783 Qun
885 711 937 772 iio
951 712 973 770 ὰ
989 712 1119 792 spiritu
1135 719 1201 786 tuo,
1222 713 1257 773 ei
1270 719 1451 780 oeosndsro

358 800 540 872 incretum,
563 795 612 859 ibi
633 799 670 860 tu
742 841 750 858 .
799 797 913 876 lReg.
930 797 996 858 viii.
1008 797 1040 858 7.
1073 795 1161 858 Eoos
1186 799 1264 862 ooeii
1288 803 1450 866 ooelorruu

357 903 422 946 non
436 883 601 946 continent
615 887 655 944 ts.
735 900 782 944 eso
798 881 915 944 ultimo
934 881 1036 942 verbs
1059 882 1197 962 protulit
1216 883 1350 948 ssione
1365 893 1450 950 tem·

357 970 450 1050 pium
477 967 551 1030 Deo
577 986 783 1042 consecrans,
814 968 929 1048 nequis
959 963 1109 1028 oretieret
1139 967 1322 1032 Gentilium
1354 991 1449 1036 more

356 1056 431 1137 (qui
447 1071 569 1118 nornen
585 1057 604 1116 ὲ
618 1053 701 1116 orsio
717 1056 749 1114 in
773 1071 881 1115 sauros
905 1049 991 1112 redes
1017 1051 1219 1115 solemnibus
1243 1059 1450 1122 carminibus

353 1158 494 1204 evooure
509 1159 542 1202 ss
557 1159 651 1222 posse
666 1137 846 1222 putabunt)
861 1137 1068 1199 Salomonem
1081 1139 1293 1215 existimasse,
1309 1161 1344 1206 se
1359 1149 1448 1226 puri·

355 1233 534 1293 terrerum
553 1225 660 1287 Deum
677 1223 792 1288 eomlo
808 1223 910 1286 veluti
926 1219 1101 1295 deducere,
1124 1233 1162 1284 ut
1176 1241 1217 1286 es
1230 1223 1329 1288 domo
1343 1249 1446 1313 quom

354 1317 523 1374 struxerat
548 1309 792 1384 includeretur3
825 1311 858 1371 in
885 1307 997 1370 limine
1019 1311 1218 1390 precationis
1232 1327 1372 1398 mugnus
1388 1315 1448 1380 iiis

354 1399 487 1471 renuit,
509 1397 608 1460 eremo
622 1415 686 1458 non
701 1413 820 1477 capere
835 1395 953 1458 Deum.

396 1481 439 1543 X.
463 1480 556 1545 idern
572 1499 701 1545 sensere
715 1484 859 1544 saniores
870 1483 957 1542 iuter
969 1478 1130 1556 ethnioos,
1145 1477 1301 1548 dicebant
1314 1487 1445 1572 quippe

356 1567 466 1632 Deum

514 1702 1130 1777 ....................ireperomues

515 1785 664 1863 Terraeque
677 1791 831 1860 noctuque
843 1785 938 1850 moris,
960 1781 1105 1859 culmoque
1115 1783 1348 1951 prestingit&

510 2002 571 2068 Quo
576 2000 659 2075 sugis
673 1999 821 2066 Encelado,
842 2015 1012 2074 quoscunque
1025 2001 1165 2059 uuormris
1177 2019 1250 2072 orer,

507 2083 565 2140 Sui
578 2083 646 2140 Jove
657 2097 760 2158 semper
778 2081 840 2137 sris.

348 2237 476 2310 Xerses
501 2263 568 2308 non
584 2250 715 2328 poterut
732 2243 798 2326 prii
814 2244 847 2304 in
864 2241 994 2323 templis
1010 2260 1111 2308 monn
1133 2244 1230 2308 inuiis
1245 2263 1369 2310 numen
1385 2249 1441 2312 in·

346 2329 448 2405 studi,
470 2337 505 2394 et
531 2331 617 2394 huno
641 2332 843 2412 impietatem
868 2329 929 2389 ivit
954 2327 1061 2390 ultum
1077 2329 1269 2394 Grreoorurn
1293 2330 1442 2398 delubra

345 2416 535 2481 evertendo.
580 2415 796 2502 Pythagorae
821 2413 930 2476 Deum
947 2411 1124 2478 definiebat
1142 2421 1280 2481 montem
1290 2435 1352 2498 per
1365 2437 1439 2483 orn·

343 2521 418 2566 nem
432 2521 542 2567 rernm
552 2497 902 2586 nuturomdiffueom
924 2503 959 2560 et
973 2498 1172 2580 Simplicius
1180 2502 1301 2580 uiebst,
1323 2503 1440 2570 Deum

343 2590 447 2654 simut
459 2593 491 2652 si
503 2607 630 2670 rrmper
644 2607 719 2651 oum
733 2587 883 2650 omnibus
893 2587 966 2648 suis
979 2585 1162 2650 uirtutibus
1171 2587 1289 2670 ubique
1303 2591 1438 2654 αάοεοε.

343 2671 385 2736 In
399 2673 572 2737 Alkomno
589 2671 835 2736 Muhnmmedis
854 2671 975 2752 legitur
990 2671 1111 2734 Surnts
1125 2687 1232 2738 xvtrt.
1283 2673 1349 2740 vot
1364 2679 1439 2740 tres

343 2759 482 2836 adestis,
504 2759 598 2822 Deus
611 2765 661 2820 sei
675 2765 839 2840 quartum·
863 2757 920 2819 ubi
930 2757 1084 2838 quinque,
1107 2755 1200 2822 Dour
1215 2763 1338 2825 surim.

383 2843 446 2910 XI.
470 2843 610 2907 Modum
635 2863 703 2926 quo
729 2842 821 2904 Dens
843 2849 893 2904 est
914 2844 1045 2924 ubique,
1068 2861 1130 2905 neo
1145 2847 1305 2908 curiosius
1319 2849 1437 2928 inqui·

340 2947 424 3006 rere,
446 2949 508 2992 neo
525 2933 648 2992 temere
662 2925 798 2992 definire
813 2927 920 3004 decet,
942 2930 1008 2991 imo
1022 2927 1190 3011 explicare
1211 2932 1438 3013 impossibiie3

340 3013 411 3078 hee
426 3017 555 3080 tuntum
570 3019 663 3078 orris
677 3020 766 3090 sunt,
801 3014 828 3077 l.
852 3012 1160 3096 Omniprmsentism
1186 3015 1251 3078 Dei
1272 3036 1435 3083 nonense

338 3101 590 3184 concipiendum
621 3119 680 3183 per
709 3097 843 3162 modum
869 3099 1008 3182 alicujus
1034 3102 1246 3177 extensionis,
1271 3111 1306 3164 et
1329 3109 1434 3186 quusi

339 3185 520 3252 diffusionis
534 3189 681 3252 essentiis
698 3185 816 3248 divinus
831 3203 889 3268 per
904 3187 1031 3262 omnis3
1052 3187 1100 3248 sio
1111 3187 1197 3248 enirn
1212 3187 1305 3250 Deus
1320 3191 1435 3254 instar

336 3276 487 3420 iiiiii:
500 3277 595 3422 “⁰3⁰¹
621 3269 1022 3436 ‘stianiiiipiirir
1039 3277 1434 3444 triumuirum

335 3449 370 3506 st
399 3446 527 3506 ratione
555 3446 714 3518 essentie,
745 3459 814 3504 esse
843 3440 968 3520 ubique
996 3450 1200 3524 presentem.
1245 3446 1318 3524 (i.)
1344 3445 1434 3512 Esse

199 3601 200 3606 ἵ
334 3531 617 3612 oninipraeeenism
631 3531 780 3611 respectu
794 3527 1189 3606 operationesoredimuu
1210 3533 1433 3598 omnissninn

333 3615 368 3677 in
399 3615 551 3678 omnibus
581 3621 748 3696 operetur,
773 3611 925 3674 omnibns
950 3615 1109 3676 creaturis
1132 3613 1191 3676 dut
1214 3633 1312 3678 suurn
1337 3637 1432 3691 esse.

333 3701 444 3762 omniu
470 3707 657 3774 conservat,
678 3697 831 3762 omnibus
856 3695 995 3778 tergitur
1015 3700 1111 3774 vires,
1131 3704 1167 3761 et
1188 3703 1374 3782 potentium
1389 3723 1432 3768 s-

332 3785 443 3868 pondi.
484 3786 554 3868 (2.)
577 3785 662 3848 Cum
680 3783 772 3848 Dens
786 3784 850 3845 ists
869 3793 1024 3865 operetur
1044 3803 1103 3867 per
1116 3801 1210 3848 suurn
1222 3791 1430 3867 potentium,

332 3869 472 3936 dicimus
498 3871 609 3936 Deum
633 3888 703 3934 esse
727 3871 1009 3952 omniprrssentern
1034 3873 1305 3952 perpotentiam.
1349 3879 1429 3958 (8.)

333 3955 420 4020 Cum
436 3960 586 4042 potentin
608 3975 676 4020 non
702 3955 833 4020 differri
846 3957 867 4018 i
881 3953 994 4018 divino
1018 3957 1170 4029 meentiu,
1193 3965 1326 4022 tuemur
1346 3983 1430 4026 esse

330 4045 613 4126 omniprmsentem
625 4051 777 4127 respectu
788 4043 946 4116 essentie,
963 4041 1055 4105 Deus
1066 4061 1133 4106 non
1142 4049 1259 4125 potest
1274 4051 1428 4126 operari,

331 4125 386 4188 ubi
403 4146 469 4191 nou
484 4137 545 4206 set,
560 4132 640 4214 quis
654 4135 811 4212 operatur
826 4145 885 4210 per
898 4129 1073 4192 essentium
1088 4145 1192 4192 nrum.
1236 4127 1316 4193 Non
1332 4132 1428 4196 diffi-

331 4211 468 4275 tendum
479 4215 644 4296 equidem,
660 4214 725 4278 diui
737 4213 848 4276 Deum
863 4217 1038 4296 sepissime
1052 4215 1225 4278 usoendere
1239 4219 1428 4281 etdosoen-

329 4297 416 4377 dm,
430 4300 581 4364 uturum
591 4307 625 4365 st
638 4304 794 4375 mordere,
808 4295 867 4362 sed
879 4298 943 4366 hoo
953 4301 1148 4382 neutiqusrn
1162 4300 1283 4384 probet
1298 4301 1428 4372 Deum
