2994 4996
338 457 381 522 '12
643 405 846 522 runonosts
868 469 1093 520 ennrmrsss.
1274 453 1361 543 [att.
1377 455 1425 520 11.

337 631 577 694 remuneratur.
614 625 741 692 Deirto
751 625 867 692 ultimo
879 627 1024 709 loquitur
1034 625 1186 688 Christus
1201 623 1279 690 lob.
1291 626 1428 690 xir.2l.

337 715 406 788 aar
416 718 588 800 praecepta
601 733 672 776 raca
687 713 792 787 babet,
814 730 915 794 coque
928 713 1091 787 observat,
1113 713 1145 776 ie
1158 717 1208 776 rat
1227 715 1285 794 qai
1299 713 1368 774 diti
1369 715 1413 796 gi
1415 721 1426 774 t

337 820 397 876 arc,
412 808 444 864 ct
458 801 517 883 qui
525 800 647 884 diligit
659 818 720 874 mc,
734 800 896 882 diligetur
908 800 932 858 ὰ
944 799 1137 874 Patremon,
1152 803 1183 861 er
1196 815 1258 882 ega
1273 799 1428 882 diligam

337 905 422 950 cam.
475 885 555 948 Duo
576 890 686 948 eutem
713 883 947 958 commendant
973 883 1039 946 Dei
1067 901 1213 946 amorem
1243 901 1323 962 erga
1351 902 1427 946 nos.

339 970 1053 1052 Pramoindignitnsnostrccompnrctnonm
1065 969 1428 1050 majestateditigentis.

336 1054 482 1120 Secundd
495 1058 615 1120 ellectu
630 1055 716 1118 illius
731 1058 852 1118 amoris
862 1053 1000 1131 infinita,
1015 1055 1133 1147 damam
1150 1054 1287 1130 Chresti,
1300 1055 1428 1118 donam

335 1142 501 1224 Spirittls,
520 1143 642 1206 danum
657 1143 741 1204 uita
755 1143 908 1206 mmm.

380 1227 423 1290 V.
448 1227 558 1308 Hujus
572 1230 692 1290 amoris
707 1227 900 1308 adjunctum
917 1232 967 1288 est
983 1226 1120 1303 Gratia,
1135 1222 1203 1308 qut
1214 1226 1307 1288 Deus
1318 1225 1429 1290 terror

335 1312 379 1376 ud
394 1331 429 1376 se
444 1312 757 1376 communicandam
774 1319 932 1374 creature
953 1309 1084 1396 proprib
1106 1313 1165 1374 snt
1186 1319 1321 1394 sponte:
1355 1332 1429 1374 uon

334 1417 378 1462 ex
394 1401 511 1462 merito
526 1404 587 1482 ont
605 1397 727 1471 debito,
749 1395 854 1460 ulidre
871 1393 939 1460 utta
960 1395 1061 1461 causi
1082 1400 1284 1460 extrinsecus
1310 1398 1431 1480 impel-

336 1483 447 1560 lente;
480 1501 586 1565 neque
603 1487 640 1544 nt
655 1485 714 1564 ipsi
741 1483 816 1544 Deo
832 1483 957 1564 aliquid
983 1483 1191 1558 accedat,sed
1212 1489 1250 1546 nt
1275 1485 1357 1544 bene
1383 1486 1432 1546 sit

246 1601 249 1610 ‚
334 1569 394 1644 illi,
416 1571 470 1632 cui
485 1587 525 1632 cn
539 1567 586 1632 lit.
632 1567 757 1630 Gratia
772 1569 859 1628 enirn
877 1569 957 1629 nibil
970 1568 1061 1630 eliud
1077 1578 1126 1630 est
1142 1572 1238 1650 quim
1255 1567 1427 1632 indebitus

334 1653 440 1716 favor.
489 1655 567 1718 fleo
582 1657 691 1735 gratia
704 1655 884 1736 opponitur
899 1673 1027 1734 semper
1045 1656 1182 1728 merito;
1215 1654 1308 1716 Rom.
1327 1657 1370 1716 xi
1391 1657 1427 1717 6.

333 1739 369 1804 ci
381 1743 511 1824 gratia,
526 1743 602 1824 jam
616 1759 681 1802 mart
703 1758 747 1801 ec
769 1739 933 1819 operibus,
956 1739 1107 1818 alioquin
1126 1742 1248 1822 gratia
1267 1743 1343 1822 jam
1358 1760 1429 1803 aon

333 1830 384 1889 ast
409 1829 535 1908 gratia.
581 1823 833 1887 Observandum
859 1832 970 1887 antem
997 1823 1061 1899 bic,
1084 1845 1198 1886 rocem
1228 1825 1362 1887 Gratioe
1389 1829 1427 1888 in

335 1907 506 1992 Scripturt
521 1915 618 1984 sumi,
640 1911 738 1973 modo
756 1911 952 1990 prosatore
974 1910 1044 1982 liei,
1067 1915 1132 1991 quo
1153 1929 1213 1972 uos
1238 1911 1282 1972 alr
1296 1920 1428 1974 aetemo

333 1997 435 2076 elegit
461 1997 503 2060 cd
527 2001 638 2062 vitam.
660 1998 759 2057 niodo
783 2015 843 2078 pro
863 2015 914 2064 eo,
937 2015 1004 2076 quo
1021 2015 1080 2056 nos
1096 1999 1133 2058 m
1147 2004 1288 2077 tempore
1302 2001 1427 2080 gratos

331 2080 428 2144 maer
442 2090 476 2143 et
490 2091 646 2164 acceptas
661 2083 695 2142 in
710 2081 778 2142 filio
797 2080 983 2142 dilectionis
1006 2101 1082 2154 sttae,
1118 2081 1205 2164 Eph.
1222 2083 1242 2142 i.
1259 2083 1289 2144 6.
1322 2082 1427 2146 modo

330 2185 393 2249 pro
417 2164 545 2248 effectis
569 2167 657 2228 itlius
671 2168 795 2242 gratim,
817 2169 884 2226 sire
901 2185 960 2246 pro
986 2167 1084 2229 doute
1098 2169 1285 2230 ordinariis
1311 2167 1427 2231 dDeo

331 2251 595 2325 fidelibusdat1S‚
618 2261 653 2313 ut
678 2249 774 2312 donis
792 2251 890 2330 fidei,
912 2253 996 2330 spei,
1020 2261 1053 2314 et
1078 2252 1268 2326 claritatis,
1291 2271 1363 2334 qum
1389 2257 1427 2316 in

330 2341 508 2400 vocatione
524 2345 557 2400 et
572 2339 789 2398 conversione
799 2335 910 2398 uostrlt
923 2337 1016 2400 nobis
1028 2339 1261 2404 conteruntur:
1284 2359 1428 2421 qumque

331 2421 421 2486 donc
432 2423 619 2484 scholastici
637 2425 786 2504 gratiam
797 2429 935 2504 gratam
946 2425 1132 2500 ¹samaritum
1146 2425 1332 2505 appeticum
1355 2431 1428 2488 sive

331 2528 392 2591 pro
419 2510 516 2572 dariis
540 2509 829 2572 extraordinariis
851 2511 872 2571 s
899 2511 973 2572 Deo
1000 2509 1190 2572 immediate
1205 2510 1247 2572 nd
1265 2510 1426 2574 Ecclesiae

333 2592 529 2658 Christiane
544 2594 795 2657 edificationem
809 2597 921 2676 primis
938 2597 1139 2676 temporibus
1151 2597 1325 2672 concessis,
1348 2617 1425 2678 qum

330 2677 430 2751 donc,
457 2681 557 2742 iidem
582 2680 782 2752 soboles-tici,
808 2683 897 2744 dona
923 2685 1036 2764 gratis
1061 2683 1145 2742 data
1173 2683 1353 2761 appellant,
1381 2685 1426 2744 de

330 2767 450 2846 quibus
476 2765 578 2828 lCor,
598 2770 643 2826 xii
675 2771 697 2824 t.
717 2767 777 2826 6.7
834 2766 887 2828 De
909 2771 1029 2848 gratia
1053 2773 1166 2826 antem
1192 2765 1258 2830 Dei
1285 2770 1425 2849 loquens

331 2849 450 2913 Cicero
466 2853 523 2922 ait,
548 2854 585 2911 nt
595 2869 669 2912 assa
683 2851 831 2912 ararim&
851 2871 1021 2932 properam
1039 2855 1186 2930 optim-ca,
1206 2857 1424 2932 praestantis·

328 2937 487 3016 rimaeque
502 2943 646 3006 natutae,
668 2944 699 2998 et
717 2936 904 3016 Epicurum
918 2957 961 2999 ea
975 2941 1101 2998 antrum
1116 2937 1282 3002 ltomr'rtcm
1293 2941 1425 3002 radici·

327 3027 383 3084 tar
398 3023 588 3084 ectraaisse
605 3022 808 3104 religionem,
831 3024 905 3086 calm
920 3023 1001 3086 Diis
1025 3023 1267 3086 immortalibus
1282 3030 1313 3088 et
1327 3045 1423 3108 (rpem

328 3111 360 3170 ct
374 3111 528 3190 gratiam
538 3111 686 3172 mastalit.
920 3161 922 3164 .

372 3191 434 3255 Vl.
459 3195 617 3256 Gratiam
641 3197 819 3257 comitatur
848 3193 1094 3267 Mmmicardim
1118 3195 1158 3258 de
1183 3214 1249 3278 qun
1273 3195 1423 3278 loquitur

328 3277 455 3341 Psaltes
480 3279 532 3341 Ps.
545 3280 630 3341 cxlv.
648 3282 676 3341 9.
701 3283 822 3344 errabis
839 3279 1003 3342 Dominus
1023 3283 1204 3354 universis,
1226 3289 1257 3344 rt
1280 3301 1422 3345 mmera-

325 3365 520 3445 tt'ortescjas
541 3381 644 3446 saper
668 3369 781 3427 amaia
808 3367 1007 3444 ejasopera.
1053 3366 1183 3429 Peciii.
1200 3369 1230 3431 8.
1266 3367 1420 3432 Lament.

325 3451 373 3512 iii.
389 3449 439 3512 22.
457 3453 509 3514 23.
533 3469 607 3531 qum
623 3452 655 3512 in
675 3449 748 3512 Deo
773 3471 837 3512 non
862 3459 912 3512 est
934 3451 1096 3532 aegritudo
1112 3456 1212 3515 animi
1230 3452 1273 3514 ab
1294 3455 1421 3518 alienas

240 3587 242 3592 .
324 3535 481 3609 miserias,
497 3544 557 3596 aut
570 3537 702 3597 tristitia
713 3555 755 3598 ex
767 3537 882 3598 alienis
893 3537 986 3598 malis
997 3549 1171 3622 concepto.
1186 3537 1243 3602 sed
1256 3557 1422 3622 propensa

323 3639 476 3704 capram
506 3621 706 3684 involantes
723 3623 848 3685 miseris
864 3625 1089 3685 succurrendi.
1135 3623 1214 3686 Hoea
1232 3645 1297 3686 non
1315 3629 1424 3688 oritur

324 3727 368 3772 ex
382 3641 612 3789 anquirensi
627 3705 774 3781 externi,
797 3727 866 3791 quae
885 3707 971 3770 buna
993 3710 1149 3772 allectum
1174 3713 1205 3771 iu
1230 3709 1420 3776 hominibus
1482 3766 1487 3775 .

324 3795 411 3858 ciere
426 3793 522 3865 solet,
545 3790 602 3855 sed
626 3794 646 3854 t
669 3793 740 3856 sola
762 3793 827 3856 Dei
845 3795 1003 3856 bonitate.
1048 3794 1125 3856 Alia
1149 3801 1333 3878 generatis,
1356 3799 1420 3862 alin

319 3880 546 3960 particularia
557 3885 617 3948 est.
635 3885 672 3942 ut
683 3878 726 3941 de
739 3881 887 3942 bonitate
899 3879 1059 3942 diximus:
1082 3880 1140 3942 sed
1154 3884 1419 3962 magnitudinem

322 3964 410 4026 illius
425 3964 656 4028 misericordiae
673 3967 865 4028 ostendunt.
906 3973 929 4028 1.
950 3965 1420 4047 Summaindignitaseorum,

321 4069 463 4131 quorum
482 4055 653 4115 miseretur
671 4052 775 4128 Deus,
791 4052 914 4116 collata
926 4071 1001 4113 cum
1018 4053 1090 4134 ejus
1102 4053 1284 4134 majestate,
1305 4073 1420 4118 mama·

321 4153 382 4198 rtto
405 4147 629 4215 pcccatorum,
663 4157 803 4220 quorum
820 4141 866 4200 rei
893 4145 982 4212 suut,
1013 4147 1047 4199 et
1072 4140 1271 4222 magnitudo
1300 4123 1418 4204 colum

321 4222 468 4283 miseriae.
513 4223 545 4284 2.
569 4224 734 4285 Severitns
755 4225 892 4306 justitiae
916 4224 991 4286 Dei.
1036 4227 1067 4288 3.
1091 4225 1236 4287 Duratio
1255 4224 1345 4289 illius
1362 4231 1420 4293 nti·

195 4389 198 4396 Ι
317 4305 506 4370 sericordite
521 4309 556 4370 in
571 4313 744 4374 eternum.
788 4309 819 4370 4.
844 4309 1023 4373 Innumero
1037 4312 1110 4392 ejas
1125 4311 1253 4376 effecta.
