2994 4996
68 449 155 531 cap.
168 447 210 536 a]
514 461 562 514 nn
582 461 704 516 ns-rsn.
981 505 983 510 .
1087 453 1146 520 lla
1263 445 1272 468 '

66 621 191 686 lantum
209 617 352 682 sublatio
367 620 549 704 temperiei,
563 627 598 683 et
611 620 806 705 aequalitatis
820 621 1005 701 humorum,
1022 621 1079 688 aad
1094 631 1144 690 eat

65 709 161 769 etiam
178 723 281 789 prava
295 705 466 788 dispositio
480 713 515 772 et
536 707 680 789 mm
705 708 889 783 humorum,
910 713 957 772 ita
976 713 1010 772 in
1030 711 1162 782 morbo,

67 795 191 866 anime,
213 797 351 874 peccato
373 794 509 868 scilicet,
532 811 582 854 res
603 813 638 856 se
662 793 781 870 liabet3
813 802 986 876 peccatum
1007 815 1073 860 non
1095 801 1146 860 est

66 883 193 941 mutum
211 880 344 960 negatio
360 879 457 953 boni3
488 877 545 942 sed
567 885 617 940 est
632 881 735 942 instar
754 880 935 962 putredinis
949 883 1146 964 permeantis

67 971 96 1026 ct
111 961 353 1045 corrumpentis
375 963 550 1026 facultates
571 983 695 1040 omnes,
717 972 752 1028 et
774 983 956 1047 gangrena
975 969 1147 1050 serpentis,

67 1049 151 1111 node
176 1049 348 1130 Scriptura
373 1051 491 1130 passim
521 1058 660 1129 peccata
686 1059 784 1114 vocat
808 1054 962 1116 cuculas
987 1059 1022 1115 et
1047 1052 1147 1132 labar,

67 1155 140 1218 quas
159 1135 252 1196 Deus
267 1133 425 1216 abstergit
439 1141 473 1196 et
488 1135 579 1197 eluit.
625 1135 677 1198 Ps.
688 1136 727 1199 li.
745 1138 775 1198 4.

107 1219 205 1282 vill.
230 1217 359 1281 Effecta
383 1222 512 1302 peccati
537 1219 603 1282 dno
629 1227 716 1294 sunt,
752 1223 779 1284 l.
803 1221 1060 1304 Enim-animam
1076 1241 1147 1286 cor·

67 1307 198 1386 rumpit,
219 1311 253 1366 et
267 1303 448 1368 delormem
464 1304 582 1380 reddit,
613 1307 648 1382 2,
668 1305 803 1388 Obligat
818 1307 860 1368 ad
877 1325 1018 1388 pascam,
1040 1315 1073 1370 et
1087 1318 1148 1371 rios

70 1394 95 1453 ei
118 1391 264 1470 subjicit,
294 1408 411 1472 pravos
436 1409 497 1452 nos
524 1389 641 1466 reddit,
674 1411 746 1454 reos
770 1411 830 1453 nos
852 1391 972 1468 ellicit3
1004 1396 1147 1476 primum

70 1475 184 1538 dicitnr
208 1478 339 1538 maculo
363 1477 384 1538 a
409 1473 630 1547 Scholasticis,
653 1475 835 1540 secundnm
858 1485 996 1540 vocatur
1013 1481 1145 1542 reclus:

67 1563 155 1644 juxta
181 1565 324 1642 primum
342 1567 525 1642 respectum
543 1569 680 1644 peccata
695 1571 856 1624 vocantur
881 1565 1003 1636 cordes,
1030 1565 1160 1642 morbi„
1278 1623 1282 1631 .

70 1653 219 1720 uuluam
238 1647 337 1728 juxta
352 1649 575 1728 posteriorem,
590 1649 746 1722 crimina,
761 1644 909 1730 offerrem,
923 1649 1054 1721 dabiln;
1075 1667 1145 1712 mu·
1242 1700 1245 1709 ,
1262 1716 1266 1734 1

70 1735 149 1804 calu,
171 1733 303 1814 proprie
318 1739 502 1814 respectum
521 1733 619 1794 babet
630 1732 672 1794 ad
689 1735 894 1814 purissimam
912 1733 976 1795 Dei
992 1737 1147 1797 sanctita·
1196 1793 1200 1802 ,
1222 1797 1227 1809 ,

70 1823 140 1890 teor,
162 1819 217 1880 cni
234 1815 447 1894 adversatum
480 1825 592 1892 reatus
613 1825 798 1899 respectum
815 1818 971 1880 babctad
984 1821 1148 1900 justitiam
1226 1872 1231 1881 .

72 1901 126 1964 Dei
142 1902 404 1978 vindicatricem,
428 1907 462 1964 et
474 1901 515 1964 ad
532 1905 736 1964 sanctionem
751 1903 843 1984 legis.

107 1987 162 2050 lx.
191 1987 372 2051 Peccatum
388 2007 448 2050 nos
463 2005 577 2068 poenna
597 1979 740 2068 subjicit,
762 1993 835 2050 tum
851 2006 894 2050 ex
912 1991 993 2072 jara
1007 1985 1075 2052 Dei
1087 2007 1148 2052 aa·

70 2076 167 2140 turals'
183 2061 497 2156 ct's'ndslsparssabiii,
513 2071 604 2156 quod
617 2073 775 2136 landatur
790 2076 824 2136 in
835 2073 908 2156 ejus
918 2076 1059 2156 justitia,
1074 2093 1148 2158 qae

72 2179 129 2222 non
153 2165 266 2244 potest
288 2159 399 2221 ridere
428 2163 614 2242 peccatum,
636 2169 670 2222 et
695 2179 761 2222 non
788 2157 905 2236 odisse,
927 2167 961 2224 et
987 2178 1058 2242 qne
1082 2179 1150 2222 non

71 2251 174 2327 potest
200 2243 318 2320 odisse,
341 2247 419 2326 quin
445 2248 583 2328 puniat3
614 2249 685 2307 ium
701 2263 744 2308 ex
768 2247 940 2309 sonoram
954 2247 1052 2331 logis,
1074 2257 1148 2328 qna

70 2349 193 2414 punam
210 2335 348 2414 peccato
375 2330 559 2407 denuntiat,
580 2335 615 2394 et
629 2349 699 2414 qna
715 2349 781 2394 non
797 2337 907 2414 potest
927 2351 994 2394 con
1010 2332 1149 2414 impleri.

70 2415 165 2480 Pena
176 2417 357 2480 autemillis
371 2423 421 2480 est
436 2417 562 2490 eadem,
577 2435 675 2500 qnam
692 2416 785 2479 Dens
800 2419 1031 2502 interminatus
1042 2418 1152 2480 iuerat

69 2503 205 2578 adamo,
228 2509 262 2564 et
282 2501 323 2566 de
348 2500 415 2586 qud
437 2503 540 2566 locuti
566 2519 691 2576 snmus,
718 2519 804 2564 mors
830 2501 957 2565 scilicet
982 2507 1017 2563 et
1038 2502 1151 2564 min

68 2593 165 2665 mola,
183 2605 253 2671 qna
264 2605 337 2651 cam
350 2589 540 2670 precedunt
551 2603 591 2650 ac
606 2588 820 2660 comitantur,
839 2605 903 2648 nec
918 2603 1006 2648 mors
1020 2589 1151 2650 tantrlm

71 2673 1151 2841 wribiufflbuiibrmffobiiiismdfssfflimsidromus,

71 2845 148 2908 inter
165 2863 280 2928 pesnas
294 2847 422 2927 peccati
439 2857 660 2917 numeramus,
689 2843 715 2904 l.
733 2843 958 2924 Ignorantiam
974 2850 1009 2906 et
1023 2846 1152 2907 cecita-

71 2935 129 2993 tem
146 2934 269 2994 mentis
285 2930 446 3004 bumana,
467 2928 647 2990 voluntatis
671 2925 952 3008 depravationem,
973 2928 1152 2993 affectuum

71 3015 355 3092 inordinationem,
378 3015 495 3097 quibus
520 3011 564 3073 ad
590 3029 689 3074 omne
712 3011 804 3074 celas
830 3019 931 3076 ruunt
950 3021 1151 3095 peccatores.

71 3098 98 3162 2.
121 3101 341 3165 Conscientia
356 3099 583 3182 acerbissimos
603 3113 730 3158 morsus
750 3113 791 3158 ac
811 3102 961 3159 terrores.
1005 3099 1036 3161 8.
1060 3097 1153 3160 Vitia

71 3187 239 3250 innumera
261 3187 421 3269 corporis,
442 3201 483 3246 ac
498 3187 682 3252 mosmos,
704 3180 822 3262 quibus
836 3180 989 3257 afficitur,
1009 3181 1153 3247 morbos.

70 3274 96 3335 4.
113 3271 276 3338 Remedia
291 3272 341 3334 his
353 3271 474 3334 morbis
485 3266 640 3331 curandis
650 3265 810 3343 adbibita,
825 3268 997 3342 sactiones,
1012 3273 1153 3344 naturas,

73 3359 174 3422 multa
198 3357 389 3442 pharmaca,
415 3375 487 3440 qua
510 3353 661 3417 morbum
688 3370 772 3436 sape
797 3371 864 3415 non
890 3351 1072 3436 depellunt,
1094 3353 1153 3417 sed

72 3453 210 3519 mutant,
231 3449 265 3505 et
280 3463 353 3528 qna
367 3445 479 3526 potins
492 3447 571 3503 sunl
584 3445 761 3510 tormenta,
784 3455 882 3524 qnam
898 3438 1151 3503 medicamenta.

71 3529 97 3592 5.
119 3529 216 3594 Mala
229 3531 250 3594 d
263 3547 373 3592 rernm
390 3529 648 3591 necessariarum
669 3527 807 3608 penuria
821 3533 905 3602 orta,
927 3523 1017 3590 nnde
1031 3523 1154 3588 multos

71 3613 152 3679 lame
167 3617 302 3700 periisse
318 3623 445 3678 notum.
488 3615 520 3675 6.
543 3611 702 3688 Mortem,
722 3609 798 3695 qna
813 3618 903 3676 metu
925 3609 1089 3692 macnus
1103 3611 1153 3672 ani

70 3699 217 3765 homines
232 3703 387 3764 miserum
413 3701 448 3763 iu
472 3697 608 3764 modum
632 3701 769 3762 cruciat.
812 3699 843 3760 7.
867 3697 1102 3762 creaturarum
1119 3697 1153 3756 in

70 3785 218 3852 homines
232 3787 455 3850 rebellionem.
499 3787 520 3850 8
544 3784 758 3848 Calamitates
777 3785 937 3867 ingentes,
958 3801 1041 3867 quas
1057 3783 1077 3843 d
1092 3779 1154 3842 inl·

71 3871 712 4035 liliati}lllmitllllul
731 3865 1155 4018 titillrll'izlllt

70 4047 293 4128 experiuntur.
339 4046 367 4109 9.
393 4043 487 4108 Bella
500 4041 735 4116 crudelissima,
751 4041 867 4123 quibos
882 4059 916 4102 se
933 4037 1080 4103 homines
1095 4037 1154 4102 ml·

70 4137 138 4193 sere
154 4137 286 4194 necant.
334 4131 383 4196 10.
406 4129 555 4194 Tandem
572 4128 674 4192 lntnri
699 4126 800 4190 saculi
819 4125 917 4200 mala,
938 4124 1086 4190 lambros
1099 4143 1154 4191 ea·

71 4218 216 4292 teniores,
230 4213 353 4302 flatum
378 4220 410 4280 cl
434 4215 610 4279 stridorem
633 4214 790 4289 dentium,
816 4220 953 4278 carmos
978 4213 1153 4298 coliginis,

71 4319 208 4366 umaro
223 4321 287 4366 rscrs
308 4305 507 4377 morientem,
529 4303 686 4388 maguum
711 4299 833 4369 orders
846 4301 927 4386 igno
939 4303 971 4368 o
983 4297 1152 4384 adplicre,

72 4391 402 4474 exquisitissimosquc
420 4389 598 4461 cruciatos.
