2994 4996
373 489 416 555 ⁷4
692 503 895 556 rnaonocrn
917 503 1142 557 curreretur.
1310 485 1438 576 [bitti.

370 679 438 726 rem
454 662 598 748 aliquam
616 661 691 726 Deo
706 668 914 746 summopere
929 661 1113 747 displicere,
1133 679 1174 724 ac
1196 661 1370 723 virtutibus
1383 663 1440 724 euis

370 753 569 812 contrariam
596 767 676 812 esee.
721 749 930 813 Adscribitur
957 749 1046 824 Deo,
1078 749 1122 811 le.
1138 747 1218 810 lxiii.
1234 747 1283 810 10.
1305 753 1339 808 et
1360 747 1439 808 alibi.

369 834 561 920 Zchrtppio,
576 840 626 898 est
636 837 902 898 constantissima
913 835 977 898 Dei
987 835 1153 906 voluntas,
1170 851 1235 894 non
1248 831 1346 895 dandi
1357 832 1441 894 alteri

369 919 508 1002 gloriam
533 939 636 996 auam,
669 927 901 1004 raptoremque
932 920 1100 1002 puniendi.
1146 917 1295 982 Verbum
1324 923 1441 982 tantum

369 1005 491 1070 addam
506 1004 549 1069 de
566 1005 770 1070 Poenitcntiu
787 1007 864 1082 Dei,
883 1013 987 1090 atque
1002 1006 1075 1088 ejna
1092 1005 1164 1072 Iro.

412 1089 475 1154 XI.
510 1091 748 1156 Poerritentiom
779 1092 854 1154 Deo
884 1091 982 1154 tribui
1013 1095 1187 1159 innumera
1216 1087 1338 1152 docent
1367 1087 1440 1162 loca,

371 1175 456 1240 Gen.
473 1179 515 1239 vi.
527 1179 558 1239 6.
590 1177 704 1240 lSam.
721 1197 776 1240 xv.
796 1177 843 1240 ll.
888 1177 953 1240 Sed
969 1177 1137 1260 quomodo
1153 1174 1328 1250 tribuatur,
1349 1176 1442 1236 inves-

368 1261 553 1343 tigandum.
596 1261 650 1325 Ad
663 1265 898 1344 peonitentiam
913 1264 1044 1346 proprie
1053 1262 1176 1326 dietam
1189 1260 1259 1324 duo
1273 1263 1307 1322 in
1324 1259 1442 1322 homine

369 1352 589 1424 concurrunt;
607 1349 719 1428 primd
734 1351 882 1412 internus
896 1351 998 1410 animi
1009 1347 1115 1424 dolor,
1130 1353 1295 1430 quatenns
1310 1347 1336 1407 ia
1350 1344 1442 1407 detes·

367 1438 458 1495 tatur
472 1431 722 1509 suumiaetum,
745 1434 844 1518 idque
860 1453 926 1497 non
943 1434 1066 1498 laetum
1083 1453 1153 1496 erse
1168 1432 1290 1506 vellen
1315 1433 1442 1494 mundo*

370 1519 511 1581 mutatio
527 1520 634 1600 operis
650 1518 741 1582 iacti.
786 1519 952 1602 Respectu
964 1521 1094 1602 priorie
1110 1537 1176 1582 nou
1191 1517 1282 1581 cadit
1297 1518 1331 1579 in
1347 1515 1443 1580 Deum

366 1606 585 1686 poenitoatio:
607 1623 737 1668 eumma
751 1607 839 1667 enim
855 1611 905 1667 eet
916 1605 1134 1688 imperfectio,
1156 1613 1190 1665 et
1205 1605 1312 1666 oritur
1322 1619 1362 1665 ex
1376 1621 1443 1664 con·

368 1688 568 1752 nideratiene
582 1691 629 1752 rei
645 1689 730 1752 mele
744 1696 854 1772 geete,
870 1697 930 1752 aut
940 1693 1048 1774 operis
1059 1689 1287 1772 imprudenter
1302 1688 1442 1770 suscepti.

368 1773 539 1858 Respectu
562 1777 759 1856 poeterioria
785 1775 875 1840 cadit
890 1777 923 1838 in
942 1776 1052 1838 Deum
1073 1776 1288 1858 poenitcntiu,
1311 1771 1444 1860 quitali·

367 1860 504 1945 quando
520 1867 628 1924 mutat
643 1881 726 1944 opus
738 1881 846 1936 suum,
862 1867 897 1924 et
911 1859 997 1924 idem
1014 1864 1061 1925 sio
1076 1867 1221 1944 praestat,
1243 1861 1335 1944 quod
1350 1858 1444 1921 solent

368 1949 566 2031 prenitentes
582 1947 742 2010 homines.
787 1947 868 2010 Haeo
879 1953 991 2012 autem
1005 1949 1146 2010 mulatio
1157 1947 1265 2029 operia
1280 1963 1348 2007 non
1362 1946 1444 2007 uolat

369 2034 586 2096 mutationem
613 2035 646 2094 in
673 2039 783 2096 mente
811 2033 886 2108 Dei,
913 2051 990 2096 nam
1015 2031 1132 2096 eodem
1158 2039 1238 2096 actu
1266 2031 1444 2102 voluntatis,

368 2117 518 2180 decernit
533 2117 642 2180 iacere
656 2137 751 2200 opua,
773 2123 902 2199 etpost
924 2118 1057 2202 aliquod
1082 2125 1214 2200 lempna
1229 2124 1378 2192 mutare;
1405 2116 1445 2176 ita

368 2202 466 2266 eimul
481 2201 749 2266 decrevitcreare
764 2202 924 2278 hominen,
939 2211 974 2266 et
987 2223 1044 2267 eos
1059 2203 1186 2266 diluvio
1202 2203 1375 2266 universali
1386 2217 1446 2283 per·

368 2286 447 2354 dere
463 2294 537 2370 poet
551 2287 679 2370 aliquot
700 2287 824 2352 recula.
868 2287 995 2356 Verum
1020 2287 1263 2352 observandum
1289 2287 1445 2364 cathano

236 2395 239 2405 ·
365 2375 600 2462 peonitentiam
614 2379 731 2436 notare
740 2374 852 2450 etiam,
867 2373 1027 2450 homines,
1042 2393 1182 2457 quorum
1196 2379 1351 2456 respectu
1366 2373 1445 2438 Dens

368 2459 450 2524 dicit
464 2477 499 2524 ae
514 2457 706 2550 peanitentid
721 2459 810 2536 duci,
831 2479 866 2524 ae
881 2459 1034 2543 indignos
1055 2463 1243 2543 praestitisse
1259 2453 1444 2523 benefieiiei

369 2545 445 2612 Deo
461 2544 601 2625 collatis,
623 2563 664 2609 ac
688 2549 828 2610 exitium
853 2548 921 2609 auia
945 2546 1136 2610 criminibus
1160 2547 1321 2610 meruisse
1346 2543 1445 2608 velita

368 2633 470 2695 vitam
487 2638 641 2708 mutasse,
664 2637 702 2694 ut
718 2632 811 2695 Deua
826 2651 905 2714 erga
919 2650 976 2695 eoa
991 2631 1141 2716 placatus
1156 2634 1208 2696 ait.

413 2717 493 2800 llll.
517 2716 617 2784 Quod
632 2717 674 2779 ad
691 2719 780 2780 irum
797 2717 860 2780 Dei
877 2723 1016 2800 spectat,
1039 2721 1167 2780 certum
1189 2722 1251 2794 eat,
1273 2735 1343 2781 non
1357 2715 1444 2779 deno·

368 2807 440 2866 tare
454 2800 616 2882 ejusmodi
632 2803 733 2865 animi
748 2806 1016 2878 commotionem,
1031 2821 1104 2884 qua·
1115 2821 1192 2866 cum
1208 2803 1445 2886 perturbatione

369 2907 412 2950 ex
435 2905 576 2950 accenso
600 2889 621 2948 d
643 2887 707 2950 bile
732 2889 893 2969 sanguine
909 2890 999 2952 circa
1013 2907 1071 2950 eor
1086 2893 1170 2964 orta,
1193 2890 1373 2972 conjuncta
1386 2891 1444 2950 eu:

372 2973 447 3036 Deo
462 2975 549 3034 enirn
567 2973 667 3036 tribui
682 2975 794 3056 nequit
810 2973 885 3036 talia
908 2973 1101 3050 commotio,
1122 2981 1157 3038 et
1181 2975 1395 3058 perturbatio,
1414 2975 1445 3031 nt

370 3063 448 3142 pote
463 3058 505 3119 ab
521 3062 609 3121 omni
625 3059 822 3124 alteratione
837 3079 969 3142 prorsus
984 3061 1122 3124 immuni
1136 3079 1145 3138 ;
1176 3060 1234 3124 aed
1256 3061 1403 3143 designat
1416 3059 1443 3117 in

371 3145 594 3226 Deojustam,
615 3151 650 3208 et
675 3145 811 3208 liberam
839 3145 1044 3209 voluntatem
1072 3145 1228 3229 puniendi
1255 3153 1446 3229 peccatores.

371 3232 425 3293 De
451 3229 491 3292 ea
515 3229 661 3313 loquitur
681 3231 700 3294 J
705 3231 758 3293 oh.
772 3233 817 3294 iii.
835 3233 887 3295 86.
923 3232 989 3304 Qua
1002 3231 1083 3312 filio
1104 3233 1297 3298 incredulae
1312 3236 1371 3308 eet,
1390 3247 1445 3293 non

369 3315 500 3378 habebit
514 3317 633 3390 vitum,
655 3317 713 3380 aed
727 3319 782 3378 iro
799 3315 866 3380 Dei
878 3322 991 3380 munet
1012 3335 1113 3404 cuper
1127 3331 1210 3382 cum.
1256 3317 1303 3382 Et
1319 3319 1412 3383 liom.
1426 3315 1445 3374 i·

375 3401 422 3465 18.
452 3400 549 3463 Rom.
566 3403 598 3464 ii.
616 3403 647 3464 8.

415 3485 542 3549 Effecta
557 3487 628 3568 ejus
653 3487 706 3549 ire
722 3492 800 3550 aunt
825 3505 928 3570 pneuae
944 3491 1015 3550 tum
1041 3489 1247 3572 temporales,
1270 3485 1443 3572 etquidem

370 3571 424 3636 vel
438 3589 615 3654 corporeae,
639 3571 741 3635 Deut.
754 3575 871 3636 xxxiii.
905 3574 984 3638 Lev.
1002 3578 1091 3638 xxvi.
1121 3575 1174 3638 vel
1188 3575 1396 3658 spiritualer,
1414 3575 1446 3630 ul

369 3659 561 3733 excaecatio,
576 3656 753 3720 induratio.
799 3659 896 3722 Rom.
908 3661 929 3724 l.
945 3659 997 3723 24.
1009 3661 1061 3724 26.
1074 3661 1126 3724 28.
1142 3665 1204 3725 dc.
1227 3669 1298 3725 tum
1308 3671 1444 3730 nereum

369 3745 532 3824 separatio
558 3744 712 3812 nimirum
738 3747 759 3806 d
775 3745 850 3808 Deo
865 3751 900 3808 et
920 3749 1080 3829 inignem
1097 3753 1255 3812 arternum
1277 3745 1443 3832 conjectio.

372 3827 493 3894 ltartn.
509 3847 589 3895 xxv.
604 3830 657 3894 46.
701 3829 813 3918 Atque
829 3831 898 3898 hac
913 3831 955 3898 de
971 3833 1035 3898 hoc
1046 3839 1243 3917 argumento
1258 3837 1347 3902 satie.
