3016 4998
417 445 548 498 cursus
569 445 813 498 rusucuurcrn.
1092 437 1153 502 ssi

152 605 185 668 4.
207 603 286 670 Nun
302 605 526 688 improbamus
541 610 652 668 tanreu
667 607 700 668 in
716 602 1023 686 certis'quibusdaru
1041 607 1157 672 Eccle-

73 691 127 754 siis
140 692 311 774 episcopus
334 691 534 774 presbyteris
549 693 734 772 superiores
744 709 826 764 esse,
842 689 941 752 modo
962 693 1156 776 episcopiis

73 775 240 840 interiores
256 776 379 840 nullam
396 775 605 860 tyrannidem
622 785 810 839 exerceant.

155 863 185 923 t.
209 859 370 944 AEquales
395 871 490 926 eraut
514 867 679 944 potestate
702 881 816 926 omnes
833 859 986 944 apostoli,
1010 867 1158 944 quamvis

69 946 155 1010 inter
169 967 226 1010 eus
249 949 406 1030 primatus
423 951 568 1030 potuerit
582 965 653 1010 esse
668 947 792 1010 ordinis
814 954 848 1010 et
862 948 978 1023 utatis,
998 951 1158 1031 quicquid

70 1029 110 1094 de
126 1031 215 1096 Petri
234 1035 375 1114 primata
392 1033 532 1096 blateret
549 1033 667 1096 Roma.

152 1119 183 1181 6.
208 1117 314 1181 Nulla
328 1129 461 1202 quoque
480 1115 632 1182 Ecclesia
646 1121 680 1182 iu
701 1118 783 1183 alias
801 1118 857 1201 jus
873 1117 984 1206 habet.

398 1283 438 1346 Iu
460 1283 676 1350 Aanrcunuu
699 1263 846 1350 XXXI.¹

66 1447 130 1513 Tu.
151 1449 179 1514 1.
203 1449 502 1522 Qunamuutnau
519 1453 625 1514 ornuie
641 1454 675 1514 in
692 1451 843 1516 Ecclesia
858 1449 981 1516 Christi
996 1455 1095 1530 ἀταξία
1110 1459 1160 1518 est

60 1535 210 1613 vitanda,
228 1537 392 1598 neminem
414 1538 536 1600 illicitis
552 1537 667 1600 mediis
683 1541 715 1598 in
737 1539 954 1600 ministerium
979 1540 1162 1622 irrumpere

62 1621 185 1686 debere
207 1635 391 1696 censentur,
407 1622 528 1702 absque
543 1623 719 1685 vocatione
734 1627 769 1685 et
784 1621 992 1688 ordinatione
1017 1623 1160 1688 Ecclesi-

61 1709 179 1772 astica.

148 1793 182 1856 2.
208 1793 340 1857 Omnes
351 1791 513 1856 lunaticos
528 1791 747 1875 esiplodinrus,
763 1793 818 1876 qui
834 1791 984 1856 sufficere
998 1791 1094 1856 dunis
1116 1793 1160 1858 ad

61 1879 286 1943 ministerium
312 1879 476 1961 requisitis
499 1879 615 1940 instrui
637 1877 850 1960 pertendunt,
868 1878 911 1942 sd
934 1878 1160 1962 arripiendum

62 1965 277 2029 thuribulum
290 1965 415 2046 absque
427 1965 547 2047 prusia
558 1963 731 2028 electione.
865 1999 867 2006 ι

147 2053 179 2116 8.
203 2049 267 2113 Jus
282 2047 424 2132 eligendi
447 2057 481 2112 et
496 2048 638 2113 vocandi
654 2055 801 2133 pastores
822 2047 866 2112 ad
881 2048 969 2112 sulus
988 2051 1161 2136 episcopus

57 2155 127 2200 nun
153 2137 324 2220 pertinere
345 2135 554 2209 arbitramur,
576 2135 634 2199 sed
656 2137 698 2198 ad
715 2143 819 2200 totam
846 2135 1043 2216 Ecclesiam,
1063 2146 1162 2222 atqua

59 2225 213 2286 exerceri
231 2224 251 2285 d
267 2221 463 2305 pastoribus,
479 2221 613 2286 nomine
630 2221 798 2285 Ecclesiu.
864 2263 876 2274 .-

146 2310 181 2372 4.
209 2307 249 2371 In
261 2315 349 2371 statu
369 2307 525 2372 Ecclesise
537 2310 732 2388 perturbato
749 2307 870 2368 multos
886 2325 982 2386 posse
993 2308 1159 2372 credimus

56 2400 239 2477 pastorum
266 2410 399 2454 munere
423 2390 558 2468 defungi
585 2391 707 2470 absque
728 2391 905 2450 vocatione
930 2391 1108 2467 ordinaria,
1129 2401 1165 2458 et

52 2482 182 2543 ritibus
195 2478 349 2556 receptis,
372 2473 507 2554 quando
522 2472 648 2535 scilicet
659 2477 754 2534 unte
764 2478 815 2534 est
825 2487 936 2533 rernm
947 2473 1112 2551 conlusio,
1127 2483 1166 2542 ut

51 2563 143 2628 ordo
159 2561 369 2626 constitutus
384 2559 506 2619 serrari
521 2562 675 2639 nequeat.
748 2579 752 2586 ·

145 2649 180 2710 6.
210 2644 328 2726 ltaque
344 2645 524 2726 primorum
547 2643 678 2706 illorum
702 2641 968 2720 reformatorum,
990 2647 1048 2729 qui
1063 2649 1085 2712 i
1098 2666 1163 2712 uus·

50 2736 149 2800 tibus
165 2729 317 2795 fidelium
334 2732 403 2792 sine
419 2728 829 2812 pastoribnsvocstisunt,
842 2734 1050 2796 vocatiouem
1063 2735 1164 2798 luisse

53 2822 251 2905 legitimam
267 2817 451 2892 asserimus,
474 2833 537 2878 nec
552 2814 719 2878 miraculis
735 2813 886 2878 debuisse
901 2815 1087 2881 confirmari
1103 2839 1164 2903 pu·

49 2913 182 2972 tamus.
233 2954 240 2978 ,
526 2949 529 2954 ,

146 2995 180 3058 6.
209 2988 280 3052 Eos
295 2991 395 3074 igitur
407 2990 640 3074 improbamus,
662 2989 836 3072 quisalius
851 3007 921 3052 esse
937 2993 1114 3052 autumant
1128 2993 1163 3055 iu

49 3071 1162 3159 casunecessitatis,pastoribusomuibusdet'rcientibus,Ecclesiam

51 3183 199 3230 manere
216 3163 288 3222 sine
304 3162 501 3242 pastoribus,
523 3169 556 3220 et
571 3177 684 3220 curere
700 3159 795 3220 cultu
810 3164 961 3232 externo,
985 3157 1164 3241 religionis·

48 3269 122 3334 que
146 3243 328 3318 exercitio,
351 3245 451 3326 quim
462 3243 572 3304 vocari
589 3247 737 3324 pastores
753 3245 823 3306 sine
840 3243 980 3306 aliorum
992 3253 1161 3327 pasturum

47 3336 284 3402 interventus
589 3353 593 3361 ·
1012 3379 1015 3386 ,

143 3421 178 3484 7.
206 3413 330 3484 Quoad
343 3413 416 3476 illos
433 3411 691 3490 Reformatores,
714 3417 770 3497 qui
787 3417 897 3479 vocati
914 3417 1046 3480 tuerent
1060 3423 1095 3480 et
1109 3437 1161 3482 ur·

47 3507 165 3572 dinati
184 3505 224 3566 in
247 3499 396 3564 Ecclesia
413 3498 576 3574 Romana,
598 3519 664 3564 uun
686 3507 840 3584 putamus
855 3518 912 3563 eos
926 3501 1088 3566 excidisse
1102 3523 1160 3568 ro·

46 3597 195 3658 catione
213 3603 287 3658 sua,
309 3587 457 3668 quamvis
484 3602 551 3647 uun
577 3589 682 3649 secuti
703 3590 769 3648 sint
794 3588 1011 3650 intentionem
1036 3607 1162 3665 eorum,

45 3683 107 3763 qui
126 3695 193 3742 eos
218 3671 478 3747 ordinaverant3
499 3687 572 3734 eam
595 3675 717 3754 quippe
732 3671 907 3736 adrerum
929 3679 963 3734 et
978 3671 1161 3753 legitimum

42 3767 122 3848 ejus
139 3763 253 3826 unern
269 3759 289 3822 i
306 3756 442 3821 Christe
456 3760 562 3840 primo
584 3759 767 3822 vocationis
782 3765 921 3822 auctore
930 3759 1098 3837 intentum
1113 3777 1162 3826 re·

41 3851 227 3918 tulerunt.

391 4010 429 4074 lu
454 4007 667 4122 Aanrcnnuu
691 4009 838 4074 XXXII.

89 4181 168 4248 Tu.
193 4181 224 4242 l.
251 4131 536 4242 osssrvsvruus
550 4177 620 4258 jam
633 4133 711 4240 alibi
724 4193 857 4242 necesse
873 4177 974 4242 inisse
985 4195 1063 4242 cnm
1079 4197 1159 4262 pru·

38 4273 154 4336 conio
170 4261 273 4327 verbi
286 4263 435 4346 politiam
454 4263 596 4345 aliquam
613 4273 713 4346 atque
729 4265 875 4346 regimen
888 4261 1167 4334 Ecclesiasticuss.

39 4353 202 4427 institui,
224 4349 328 4430 juxta
342 4349 433 4431 quod
444 4348 647 4432 gubernetur
662 4349 781 4416 domus
797 4347 872 4414 Dei.
