3032 4998
333 441 376 506 22
651 453 852 506 rnnoaoois
874 453 1097 534 cunr-snum.
1283 437 1414 527 [diat

333 614 497 698 mysteriis
510 611 760 696 AEgyptiorum‚
773 621 807 678 et
819 615 975 695 religione
988 611 1192 676 Druidarum
1203 632 1240 674 ac
1252 611 1416 696 Sibyllina

335 705 481 762 carmina
495 701 744 760 interciderunt.
790 701 967 762 lnnumsra
981 701 1046 762 alia
1059 701 1225 762 volumina
1238 705 1417 780 perierunt,

336 787 407 846 sola
431 785 603 866 Scriptura
628 787 756 858 mansit,
787 805 848 847 nec
867 785 907 846 ad
930 803 1001 846 eam
1018 785 1212 846 abolendam
1229 785 1417 858 valuerunt,

336 877 396 932 ant
411 869 568 932 Antiochi
588 869 768 951 Epiphanis
784 871 933 932 immanis
948 873 1082 942 sievitia,
1104 877 1163 931 aut
1179 869 1274 931 Decii
1290 878 1323 929 et
1339 869 1418 930 Dio·

337 957 468 1018 cletiani
486 956 588 1028 furor,
609 964 667 1016 arri
682 955 806 1016 luliani
824 955 1002 1035 versipellis
1018 957 1177 1036 impietas,
1199 965 1254 1015 aut
1269 953 1419 1038 Porphy-

336 1043 387 1114 rii,
405 1041 553 1112 Luciani,
572 1039 657 1100 Celsi
675 1041 797 1121 scripta
814 1041 987 1102 virulenta.
1030 1042 1059 1100 2.
1086 1040 1139 1102 Ex
1154 1041 1230 1122 styli
1248 1041 1419 1120 majestate

336 1145 376 1187 ac
403 1127 613 1206 simplicitate
638 1127 715 1206 ipsis
744 1126 894 1186 Etbnicis
918 1124 1113 1186 veneranda.
1146 1123 1317 1204 MaJestas
1340 1125 1420 1208 styli

337 1212 463 1291 ubique
478 1211 598 1282 elucet,
620 1217 690 1270 turn
708 1212 739 1270 in
756 1210 1009 1284 narrationibus,
1030 1221 1098 1272 turn
1116 1211 1148 1270 in
1170 1211 1420 1285 hortationibus,

338 1303 410 1358 lum
427 1299 459 1356 in
477 1295 744 1378 promissionibus
759 1302 791 1358 et
809 1297 915 1368 minis,
937 1303 1008 1356 tum
1032 1299 1064 1356 in
1085 1297 1315 1356 controversiis
1334 1303 1422 1358 trac·

338 1381 457 1442 tondis.
504 1379 661 1458 Majestas
679 1381 746 1442 baec
761 1401 837 1442 oum
855 1399 981 1442 summa
997 1383 1152 1442 comitate
1168 1384 1346 1461 conjuncta
1361 1389 1424 1443 est.

340 1465 445 1528 Recte
469 1465 678 1526 observatum
707 1465 917 1526 barbarorum
935 1485 1014 1540 esse,
1036 1466 1116 1527 dum
1143 1465 1259 1527 volunt
1283 1469 1424 1528 retinere

339 1551 555 1630 majestatem,
572 1549 705 1610 nullum
722 1551 832 1612 locuni
850 1551 1031 1632 relinquere
1047 1553 1217 1625 comitati3
1239 1571 1352 1612 eorum
1369 1555 1423 1614 iti·

339 1635 425 1709 dem,
442 1638 494 1718 qui
507 1641 657 1696 nesciunt
675 1653 819 1712 regnare,
835 1634 913 1695 dum
931 1633 1064 1698 student
1076 1639 1236 1710 comitati,
1256 1637 1423 1718 negligere

342 1723 560 1800 majestatem,
575 1720 631 1782 sed
650 1739 774 1801 regum,
797 1721 853 1802 qui
870 1728 944 1783 vere
960 1739 1050 1800 reges
1071 1729 1159 1794 sunt,
1183 1721 1245 1783 hoc
1261 1741 1330 1784 esse
1346 1741 1422 1804 pro·

339 1809 458 1890 prium,
470 1817 505 1868 ut
518 1805 676 1888 quicquid
693 1805 816 1878 dicant,
828 1806 1003 1878 faciantve,
1019 1813 1158 1888 utraque
1174 1810 1277 1868 virtus
1292 1811 1423 1884 emicet,

339 1893 492 1972 majestas
508 1903 542 1953 et
552 1894 701 1953 comitas.
740 1891 884 1974 Utraque
896 1893 927 1952 in
941 1893 1040 1952 sacris
1054 1891 1142 1952 libris
1154 1891 1422 1973 deprehenditur.

341 1978 468 2039 insulse
493 1985 604 2038 autern
630 1985 754 2054 ageret,
788 1979 845 2058 qui
871 1976 994 2058 stylum
1022 1977 1225 2058 incomptum
1253 1997 1423 2041 sacrorum

339 2063 496 2124 librorum
523 2067 684 2142 carperet,
714 2065 790 2143 quia
816 2061 920 2122 multa
946 2064 1052 2123 minus
1077 2061 1230 2123 ridentur
1250 2083 1367 2144 graeca,
1390 2072 1425 2128 et

299 2178 304 2188 ¹
337 2146 445 2209 multa
473 2165 531 2226 pro
557 2147 686 2208 soloecis
711 2148 1001 2225 grammaticorum
1029 2145 1084 2206 filii
1113 2145 1255 2222 babent3
1281 2149 1424 2230 Spiritus

341 2235 428 2295 euim
451 2231 513 2293 Dei
529 2237 635 2310 ὑπψςι
651 2235 807 2312 ,nomia
820 2243 1001 2312 compotavi,
1024 2237 1061 2292 ut
1075 2232 1122 2292 ait
1137 2233 1303 2313 eleganter
1318 2235 1425 2318 Syne-

339 2319 418 2391 stus,
440 2319 551 2380 calcat
565 2317 861 2400 grammianum
875 2321 974 2388 scito,
996 2320 1027 2378 et
1040 2313 1322 2397 nultissometr‘ooe
1336 2325 1427 2385 ortis

339 2401 471 2484 tegibus
484 2401 635 2480 obligari
646 2418 681 2461 aa
692 2401 837 2481 patitur.
881 2403 911 2464 8.
936 2399 990 2462 Ex
1005 2419 1142 2463 numero
1157 2411 1351 2488 martyrum,
1367 2410 1427 2490 qui

339 2491 500 2570 sanguine
526 2485 782 2561 confirmarunt3
815 2495 1073 2571 martyrumque,
1100 2505 1237 2570 quorum
1265 2493 1428 2572 patientia

340 2591 407 2635 uon
418 2580 503 2640 ¹atre
518 2571 574 2634 bili
588 2570 779 2644 tribuenda;
803 2591 868 2632 non
882 2571 1026 2634 barbarae
1037 2571 1169 2636 cuidam
1182 2579 1426 2656 consuetudini,

339 2657 448 2740 quali
459 2659 653 2719 estistorum
664 2657 1031 2741 populorum,quiaead
1043 2657 1428 2726 tibiarummodularuiua

340 2743 524 2826 precipites
540 2749 664 2822 agunt;
696 2761 763 2804 non
786 2745 887 2805 animi
909 2743 1038 2806 ierociu
1060 2749 1119 2806 aut
1138 2745 1249 2825 gloriis
1265 2748 1427 2830 cupidini,

340 2828 397 2891 sed
414 2827 526 2890 divino
541 2827 664 2891 auxilio
681 2826 907 2912 adscribenda,
929 2827 1017 2890 unde
1037 2847 1151 2891 eorum
1173 2834 1331 2912 patientia
1345 2853 1428 2898 con·
1474 2845 1479 2854 '

335 2915 456 2996 juncta
481 2913 545 2974 luit
569 2931 645 2975 cum
670 2931 798 2974 summa
820 2915 953 2996 pietate,
977 2911 1149 2987 modestia,
1172 2917 1426 2984 mausuetudine

291 3008 293 3016 ⁴
339 3001 441 3062 animi
461 2996 669 3074 demissione,
691 2998 829 3082 aliisque
849 2999 1035 3062 virtutibus.
1078 3000 1109 3063 4.
1135 3000 1188 3063 Ex
1209 3007 1426 3070 conversione

339 3089 500 3166 gentium,
515 3094 549 3146 et
558 3103 600 3146 ex
612 3084 1043 3166 propagationeadmirabili
1056 3086 1219 3168 religionis
1230 3087 1427 3154 Christianus

341 3173 464 3234 intuto
478 3169 558 3232 orbe
574 3187 632 3252 per
655 3170 802 3233 homines
819 3171 910 3247 viles,
924 3171 1079 3248 infirmos,
1101 3171 1208 3249 rudes,
1228 3177 1248 3237 d
1270 3173 1429 3256 fingendi,

342 3255 459 3318 fraude
474 3261 508 3316 et
522 3257 707 3336 suspicione
723 3257 857 3330 alienos,
879 3257 972 3318 nulla
992 3258 1148 3320 Romanu
1170 3265 1203 3320 et
1219 3260 1343 3322 Graecia
1359 3263 1429 3326 elo·

341 3341 485 3422 quentiae
500 3339 604 3402 suada
618 3343 807 3414 instructos,
822 3340 894 3402 sola
908 3343 1128 3422 persuasione,
1143 3343 1212 3405 sine
1227 3345 1295 3407 ullo
1310 3357 1429 3411 aucto·

342 3427 448 3489 ritatis
463 3423 620 3498 subsidio,
641 3425 711 3486 rins
726 3442 891 3487 armorum
911 3427 1048 3502 auxilio,
1070 3447 1128 3510 per
1144 3427 1232 3492 mille
1248 3439 1370 3494 mortes
1386 3451 1427 3499 aa

342 3511 542 3580 discrimina,
565 3509 779 3572 frementibus
795 3512 969 3576 interorum
987 3515 1099 3596 portis.

383 3594 479 3660 xvt.
504 3595 565 3656 llis
580 3593 730 3656 omnibus
741 3594 988 3678 adjungendum
1004 3605 1069 3673 est,¹
1088 3599 1147 3661 bos
1159 3619 1272 3663 ornnes
1286 3601 1427 3669 charac-

338 3689 426 3746 teres
451 3679 547 3742 simul
568 3679 703 3760 iunctos
730 3682 765 3742 in
791 3681 889 3744 nullis
914 3681 985 3744 aliis
1011 3683 1101 3747 libris
1124 3689 1270 3768 reperiri,
1290 3695 1325 3751 et
1352 3690 1425 3756 brec

341 3765 507 3830 sufficiunt
521 3762 824 3828 adconrincendos
840 3767 1003 3849 profanos.

385 3854 423 3914 ln
442 3852 502 3914 bac
518 3849 560 3914 de
575 3849 747 3914 divinitate
763 3851 1006 3935 scripturarum
1017 3857 1180 3918 sententia
1191 3857 1427 3926 confirmamur

341 3939 539 4086 llslsswnll·
553 3937 654 4086 ipzius
676 3935 865 4023 Scriptura,
886 3957 959 4023 quae
982 3958 1016 4002 se
1037 3943 1141 4024 ipsam
1156 3946 1296 4012 litmaro·
1312 3953 1428 4026 vocat,

382 4069 388 4085 .
437 4041 490 4086 rin.
506 4043 551 4086 ur.
613 4069 621 4086 .
