3000 5006
67 498 144 582 cop.
164 495 230 583 ll}
486 509 724 562 usucmusrsz
1088 505 1148 569 871

65 669 224 734 noceria
247 667 518 744 verciniaco,
544 666 633 750 quoti
650 668 707 749 jus
723 665 844 730 hebent
866 667 1032 734 condendi
1051 671 1152 756 leges,

64 756 311 816 constitutiones
326 751 369 814 ccl
392 751 519 827 imitetur.
567 753 718 816 Pustores
733 752 864 836 quidem
881 771 948 816 nou
964 773 1079 820 serere
1095 759 1153 840 jus

65 839 182 901 hebent
207 838 297 920 leges
322 840 454 920 proprie
479 836 586 900 dictes
611 836 788 912 condendi,
818 857 889 920 quse
914 845 1151 908 conscientium

64 924 227 1004 obligent.-
249 940 326 984 uem
345 922 416 1001 (Ι.)
437 921 532 986 cmo
546 926 598 986 ecl
611 924 795 1004 legislator,
812 921 904 984 Deus
918 924 1055 1001 scilicet,
1075 926 1151 992 luc.

63 1010 102 1070 ir.
118 1009 165 1070 12.
209 1007 307 1070 Solus
324 1007 419 1069 Dens
440 1009 474 1068 iu
489 1009 725 1069 couscientism
745 1009 802 1088 jus
819 1007 929 1070 hebet.
972 1009 1042 1090 (2.)
1063 1006 1152 1079 Quic

65 1093 141 1156 nilsil
153 1093 234 1156 licet
252 1090 387 1166 edders,
402 1108 444 1154 cc
458 1089 632 1154 detrahere
653 1091 716 1172 legi
733 1091 874 1166 divine3
895 1098 931 1154 st
948 1093 1006 1174 jos
1026 1095 1152 1162 hebent

64 1175 220 1240 condendi
237 1191 381 1242 oenones
396 1181 432 1238 et
445 1178 699 1239 constitutiones
713 1176 953 1257 ecclesiastices
967 1178 1010 1242 ed
1026 1179 1150 1244 δοιιιιιιι
1165 1235 1168 1244 ,

65 1261 218 1337 orrlisers,
244 1262 256 1322 l
278 1259 429 1323 Corinth.
446 1263 514 1323 xiv.
529 1261 581 1322 40.
606 1267 640 1322 et
661 1263 706 1324 xi.
721 1260 775 1324 23.
798 1259 841 1323 de
856 1260 957 1326 rebus
970 1269 1059 1326 mere
1081 1266 1168 1330 edi·

63 1347 200 1426 opicus,
217 1353 343 1428 utque
357 1346 539 1427 rerpicinut
549 1352 691 1428 tempus,
706 1345 829 1420 locum,
845 1346 984 1410 lormsru
1001 1367 1150 1430 precum,

64 1433 256 1494 concionum
272 1438 307 1493 et
321 1431 616 1494 administrationis
635 1437 928 1506 sacramentorum,
943 1436 1024 1514 quis
1045 1434 1150 1510 Deus,

64 1517 171 1595 quiin
195 1533 319 1596 genere
343 1517 549 1597 prescripsit,
574 1521 613 1578 nt
638 1518 750 1578 omnic
773 1514 930 1580 decenter
953 1518 1045 1594 flent,
1067 1520 1152 1584 eiiii

64 1609 165 1662 museo
181 1601 217 1662 iu
233 1602 344 1682 specie
364 1603 520 1675 snueirit,
533 1599 590 1662 secl
614 1600 797 1682 prudentie
813 1607 983 1683 psstornm
1005 1605 1152 1687 reliquit,

63 1685 117 1746 lle
132 1685 220 1766 leges
240 1691 275 1748 et
290 1687 545 1748 constitutiones
566 1685 797 1748 eeclesiastico
821 1685 991 1750 serrendo
1008 1699 1086 1752 suut
1104 1689 1150 1754 sd

63 1769 134 1832 boni
158 1769 285 1832 ordinis
310 1773 616 1854 conservationem
647 1789 714 1834 uon
740 1778 852 1834 temen
878 1771 1028 1853 obligent
1053 1781 1151 1836 entre

63 1871 166 1916 nusum
182 1853 330 1917 scendeli
346 1859 380 1916 et
391 1861 624 1936 contemptus:
647 1853 703 1916 sed
719 1854 842 1918 debent
856 1871 974 1918 cerere
990 1863 1150 1938 pastores,

62 1957 99 2000 ne
113 1939 199 2002 ultre
216 1958 267 2002 res
290 1937 511 2002 indifferenter
527 1938 803 2020 progrediuntur3
823 1945 857 2000 et
871 1957 913 2002 nc
935 1939 1150 2006 multitudiue

62 2041 219 2086 cononum
252 2024 436 2086 Ecclesium
466 2023 621 2086 obruent.
664 2026 695 2086 8.
731 2023 883 2086 Potestss
912 2023 970 2086 ille
999 2033 1165 2090 rercstnr.

62 2111 143 2172 circs
162 2109 344 2190 discipline
366 2109 575 2183 exercitium,
597 2104 663 2188 qul
681 2113 873 2190 peccatores
898 2108 1023 2190 publici
1043 2113 1149 2176 corri-

60 2197 188 2274 guntur,
203 2197 406 2276 crgrscrrtssr,
421 2199 557 2275 propter
571 2191 730 2254 doctrine
739 2201 799 2255 ιιιιι
814 2195 890 2256 rite
904 2195 1150 2276 impuritatem

60 2284 176 2358 etpost
190 2280 390 2360 priretsssc
405 2279 556 2360 publicus
577 2276 735 2341 Ecclesia
749 2277 992 2344 edmonitiouer
1007 2281 1149 2362 seientes

61 2369 89 2423 et
103 2371 321 2446 contempler,
337 2377 395 2444 per
409 2381 520 2426 moros
535 2363 701 2426 ministros
717 2383 760 2426 ex
775 2363 971 2447 presbyterii
986 2366 1102 2430 ordine
1113 2373 1149 2429 et

60 2451 253 2512 anctoritate
267 2449 402 2530 lisignis
423 2447 543 2510 (lisine
564 2449 678 2529 gretie
696 2453 863 2520 creentur,
884 2453 918 2510 et
931 2449 957 2509 si
972 2449 1007 2510 iu
1030 2447 1147 2512 eedem

59 2529 265 2596 contumuit
275 2539 495 2615 percensent,
511 2530 645 2594 tendere
657 2532 690 2592 in
707 2533 840 2592 nomine
852 2529 918 2592 Dei
932 2531 977 2594 eb
988 2531 1161 2596 Ecclesia,

60 2619 287 2682 communione
307 2618 433 2682 exclusi
448 2617 722 2698 pronuntientur,
743 2613 852 2678 donec
867 2631 926 2696 per
944 2631 1055 2678 rerem
1071 2619 1148 2680 resi·

60 2701 340 2781 piscenticrnzDeo
354 2708 391 2764 et
407 2701 566 2765 Ecclesia
581 2699 847 2764 reconcilientur.
1199 2757 1205 2767 .

98 2785 158 2848 lV.
180 2787 373 2869 Disciplina
395 2785 497 2868 igitur
510 2791 589 2850 suut
605 2786 684 2848 dcc
700 2794 820 2868 portes,
844 2783 1010 2852 Gorrmtio
1023 2793 1059 2852 et
1074 2788 1149 2852 Ec·

58 2875 332 2943 comminuitur
365 2871 428 2944 sed,
453 2881 565 2935 snmus
596 2870 849 2946 observandum,
878 2873 1046 2952 duplicem
1076 2895 1148 2938 esse
1233 2935 1236 2940 .

59 2959 429 3031 communicationem,
439 2957 539 3019 slism
548 2945 713 3032 miriorcsn,
721 2956 820 3018 sliam
833 2960 999 3035 mojorcnr.
1033 2959 1147 3024 Minor

61 3047 105 3102 est
119 3041 186 3110 ills.
202 3040 271 3123 qul
286 3044 307 3104 ii
327 3043 384 3124 qui
399 3045 434 3104 iu
455 3041 559 3104 bonos
574 3058 684 3102 mores
706 3041 905 3122 impingunt,
920 3041 965 3102 ed
980 3048 1111 3122 tempus
1126 3047 1147 3106 e

60 3125 146 3188 couri
160 3123 304 3190 Domini
318 3133 488 3203 ornentur,
500 3125 607 3188 donec
628 3123 762 3205 publico
784 3121 942 3186 scandolo
964 3127 1147 3190 remedio·

61 3209 190 3276 ulleturn
214 3211 326 3274 luerit.
371 3211 416 3274 lli
440 3210 605 3274 veteribus
628 3209 736 3270 roecti
761 3207 914 3270 ubstcmi.
960 3207 1073 3290 Major
1096 3217 1148 3274 est

61 3292 122 3369 ille,
143 3293 209 3379 qut
235 3302 330 3360 extrs
356 3293 542 3358 Ecclesium
568 3293 701 3375 ejicitur
725 3294 930 3374 inpeccatis
954 3307 1148 3372 costumas,

60 3385 153 3461 utque
169 3389 208 3444 nt
224 3379 374 3444 tebidnos
390 3381 586 3454 membrum,
601 3377 691 3459 quod
707 3385 832 3460 pestem
850 3377 998 3460 pertibus
1012 3381 1149 3442 sinceris

60 3463 163 3530 ussere
178 3473 302 3548 posset,
316 3465 479 3547 spirituali
499 3481 578 3526 ense
592 3462 696 3526 relnti
720 3471 896 3526 resecetur.
941 3462 1148 3544 Disciplina

60 3553 251 3617 exercitium
271 3553 491 3614 necessarium
512 3556 572 3621 est,
598 3549 677 3629 quie
698 3547 790 3612 nullu
809 3549 949 3612 societss
970 3547 1148 3612 subsistere

61 3638 250 3710 potcstsiue
264 3633 458 3716 discipilum
480 3641 514 3696 et
535 3633 609 3696 finis
629 3632 728 3714 hujus
746 3633 941 3716 dirciplirroe
956 3640 1016 3706 est,
1042 3634 1067 3696 l.
1093 3633 1147 3696 Ne

61 3717 708 3866 ttltlltrrl'lllirllc‘l¹¹52}
734 3717 865 3864 30³⁴}
892 3725 1163 3884 titillet?

62 3889 255 3961 excitentur,
271 3894 305 3950 et
321 3881 446 3970 pudore
460 3885 656 3950 efficientur.

101 3971 142 4034 V.
164 3973 227 4036 lus
255 3971 376 4036 hebere
401 3969 712 4035 excommunicandi
741 3969 937 4042 Ecclesium,
959 3969 1147 4053 probemus,

65 4055 90 4114 l.
106 4055 158 4118 Ex
180 4057 259 4136 jure
278 4056 369 4138 quod
392 4057 516 4120 hebent
537 4073 653 4118 omues
674 4056 850 4117 societates
871 4055 955 4117 bene
976 4055 1147 4129 ordinetur,

62 4140 229 4220 repereudi
255 4143 276 4204 i
299 4160 360 4204 sno
389 4161 490 4223 grege
521 4140 669 4202 homines
699 4136 927 4200 incommodos
957 4146 990 4202 et
1016 4143 1143 4203 noxios.

62 4223 89 4282 2.
114 4224 166 4288 Ex
183 4243 245 4288 usu
262 4228 381 4289 veteris
396 4226 602 4289 Testamenti
624 4222 769 4304 subque
796 4225 981 4285 circumcisi
999 4223 1147 4306 legaliter

61 4309 228 4385 irnuruudi,
250 4319 308 4374 ent
330 4313 376 4374 rei
398 4312 543 4374 criminis
557 4311 577 4372 i
592 4309 694 4372 sceris
714 4307 853 4372 cetibus
873 4309 1149 4386 excludebantur,
