3000 4998
59 515 140 597 (top.
153 511 202 600 ⁷·l
291 498 295 506 ’
456 530 504 582 os
525 528 748 584 usurarum.
1014 515 1023 529 '
1080 521 1144 590 821

54 685 150 764 mala,
172 685 240 750 imd
255 671 343 749 torte
356 685 455 770 plane
470 685 620 778 nnllamp
641 685 752 751 nullas
765 689 840 770 port
855 685 942 752 banc
956 691 1057 755 silam
1074 711 1142 778 po·

51 790 108 834 naa
122 789 205 844 esse,
228 773 362 856 premia
373 772 477 849 nulla,
498 776 644 838 animam
659 793 727 836 non
743 793 814 837 esse
829 773 1059 852 immortalem,
1074 797 1141 843 nou

52 855 119 920 dari
136 857 283 940 angelos,
305 857 382 921 Act.
399 860 491 922 xxiii.
508 859 538 922 8.
565 877 628 922 nec
650 860 924 924 resurrectionem
951 879 1139 945 corporum.

51 941 101 1006 An
119 943 224 1006 solam
235 942 340 1025 legem
356 939 559 1020 admiserint,
580 961 624 1010 an
639 945 739 1008 etiam
755 945 822 1008 alia
837 947 960 1028 scripta
975 948 1142 1032 propheti·

50 1047 98 1102 oa,
115 1045 183 1090 non
199 1029 412 1092 consentiunt
427 1027 541 1093 docti?
583 1031 615 1093 4.
640 1029 1142 1111 camminensem,

51 1116 103 1196 qni
120 1111 222 1196 panlo
238 1121 313 1198 post
328 1113 511 1180 Pbarisoros
525 1118 653 1192 exorti3
675 1134 742 1179 uon
758 1115 979 1182 admittebant
994 1120 1028 1180 in
1039 1122 1143 1182 socie-

49 1207 151 1262 tatem
167 1199 230 1262 nisi
253 1201 341 1262 siros
356 1219 450 1264 renes
464 1207 499 1264 et
513 1218 643 1284 graver,
664 1201 850 1285 probabant
872 1201 1036 1266 bonorum
1052 1221 1143 1270 com·

50 1287 251 1360 munionem,
272 1289 308 1350 et
322 1285 520 1364 celibatum,
540 1287 668 1352 nullum
690 1287 912 1352 admittebant
928 1289 1142 1369 famulitium,

49 1387 108 1432 nec
135 1367 182 1434 ad
202 1371 265 1432 iter
285 1371 456 1450 viaticum,
478 1371 586 1436 nullas
600 1377 685 1437 ortes
707 1373 918 1450 exercebant,
940 1371 1143 1446 sabbathum

48 1455 1142 1630 ltl'tlll,tltlztlli,tritinsiumliitlftllt:

48 1625 125 1690 bant
141 1627 226 1703 lites,
241 1629 472 1692 contentiones
487 1633 520 1691 et
531 1629 597 1692 alia
611 1625 928 1712 plnraprestabant.
971 1629 1004 1694 b.
1018 1627 1138 1716 Hema-

46 1711 317 1795 robopir'aturum,
339 1716 394 1798 qni
409 1712 591 1800 creduntur
615 1731 752 1798 negasse
771 1717 1056 1792 resurrectionem,
1078 1715 1138 1782 red

45 1801 97 1878 qni
113 1799 293 1864 censebant
310 1798 475 1864 bominem
492 1817 558 1862 non
574 1805 797 1882 possesaucte
811 1801 922 1864 virere
941 1803 1011 1864 eine
1026 1805 1137 1886 quoti·

44 1883 144 1948 diano
159 1883 197 1948 ba
226 1887 333 1948 tiemo.
376 1886 407 1948 6.
425 1883 751 1960 Βωίϋισαηοτιιω,ὲ
768 1883 942 1960 Dositheo,
958 1887 1014 1968 qni
1031 1889 1138 1952 lertnr

44 1985 77 2032 re
102 1985 165 2052 pro
222 1971 324 2034 bristo
349 1969 549 2046 venditasse,
574 1975 609 2032 et
632 1967 838 2033 adulterasse
870 1961 1134 2040 Peouteoehom

47 2051 159 2118 ldosia.
204 2057 235 2119 7.
257 2051 538 2132 Herodianum,
571 2056 641 2137 qui,
673 2057 700 2116 sl
733 2053 929 2139 quibusdam
960 2055 1139 2137 credimus,

46 2137 210 2204 Herodem
227 2140 395 2204 babeborit
410 2161 470 2224 pro
483 2137 629 2214 Christo,
651 2141 712 2223 ipsi
728 2140 934 2224 applicantes
949 2135 1135 2222 orecol'om,

46 2225 128 2374 θος.
144 2225 227 2291 xlix.
243 2227 292 2291 10.
316 2233 354 2292 ut
367 2225 537 2310 losepbus
557 2223 602 2290 ad
623 2221 866 2310 Vespasianum
888 2225 999 2294 lorum
1022 2229 1131 2297 Micb.

47 2329 73 2375 r.
113 2315 259 2377 .ttaxit.

82 2397 299 2476 Duodecim
329 2398 393 2463 luit
414 2397 550 2464 tandem
575 2397 639 2462 rnb
659 2397 794 2464 Herode
814 2417 948 2482 mmo,
977 2398 1040 2466 snb
1065 2421 1134 2488 qno

44 2476 192 2548 Cbriatna
208 2483 415 2568 Redemptor
430 2484 525 2548 nobis
551 2489 726 2548 natusest
773 2480 1052 2568 corruptissimus
1066 2491 1136 2552 luit

44 2575 143 2632 stetim
159 2569 320 2634 Ecclesim
334 2570 397 2634 sub
411 2576 542 2652 tempus
558 2567 725 2632 adsentor
738 2565 874 2645 Cbriati,
895 2575 929 2632 et
940 2569 1023 2634 illud
1039 2579 1133 2652 pater

46 2673 80 2718 er
93 2675 137 2720 eo
153 2655 247 2740 qnod
267 2661 365 2720 secta
385 2656 457 2738 jam
479 2655 668 2730 nominato,
689 2655 830 2736 alioque
851 2659 957 2718 totam
979 2655 1134 2725 ludum

45 2737 282 2825 discerpebant,
303 2747 338 2806 et
353 2745 440 2806 inter
454 2740 537 2805 alias
550 2745 648 2806 recto
665 2739 926 2818 framearum,
949 2743 1006 2826 qui
1022 2741 1131 2826 legem

44 2829 100 2889 suis
110 2827 444 2912 interpretationibus
455 2826 699 2910 pervertebant,
714 2831 749 2889 el
760 2827 1033 2905 Sadducaeorum,
1049 2849 1132 2914 qun·

43 2929 107 2976 rum
123 2914 229 2996 impia
243 2911 402 2996 dogmata
417 2915 515 2975 toties
535 2913 710 2994 impugnat
725 2909 889 2976 Christus.
935 2913 989 2978 De
1005 2909 1128 2980 Mersit

44 3005 180 3062 venturo
202 2997 287 3062 falsa
310 2999 474 3081 potabant
500 2995 569 3060 t'ere
588 3015 702 3058 omues
721 2993 741 3058 J
747 2994 841 3073 oderi,
862 2996 942 3060 dum
963 3001 1131 3064 existima-

44 3080 116 3146 bant
131 3103 209 3147 enm
226 3083 461 3166 triumphantis
475 3081 517 3144 ad
533 3083 637 3144 instar
654 3087 843 3154 ventorum,
864 3098 905 3146 ac
926 3101 982 3144 eos
997 3085 1018 3144 d
1033 3082 1129 3164 durd,

43 3167 102 3250 qod
138 3169 384 3253 premebantur,
421 3169 580 3230 servitute
613 3163 878 3228 vindicaturum..
928 3165 1129 3234 Tristissima

43 3256 137 3334 igitur
161 3256 227 3318 luit
252 3253 352 3318 iacies
378 3251 501 3316 Judmre
527 3249 590 3314 sub
614 3247 779 3314 adventus
807 3247 929 3316 Cbrirti
956 3259 1132 3335 tempora;

42 3337 228 3424 Pompeius,
248 3341 344 3405 annis
368 3337 511 3421 amplius
536 3337 588 3400 60.
610 3340 690 3398 ante
716 3333 886 3400 Cbristnm
913 3343 1042 3418 natum,
1066 3339 1128 3404 ln·

41 3421 122 3490 deos
153 3426 316 3490 Romania
344 3425 536 3488 tributarios
560 3423 696 3486 iecerat.
747 3419 916 3486 Gabinius
945 3421 1130 3496 Prommul

39 3509 235 3592 synedrium
257 3529 414 3594 magmm
437 3509 472 3572 lu
487 3509 636 3592 quinque
657 3513 842 3574 conventus
865 3506 1031 3572 diviserat.
1076 3509 1126 3577 Μ.
1243 3525 1247 3534 ’

39 3595 182 3662 Urucam
208 3595 368 3680 templum
391 3593 733 3680 Hierosolymitannnr
755 3593 965 3676 spoliaverat.
1015 3593 1127 3660 Cossar

35 3681 248 3768 Antipatrum
273 3699 394 3766 penore
413 3679 608 3758 Idumeom,
633 3677 652 3742 J
657 3677 757 3742 udma
773 3681 1008 3761 procuratione
1022 3681 1130 3746 dona«

35 3779 137 3832 serat.
194 3767 233 3830 C.
258 3768 396 3831 Crassus
420 3766 554 3830 Jndoeor
576 3763 807 3828 exactionibus
826 3771 1034 3842 emunxerint,
1063 3765 1127 3830 rub

31 3851 125 3918 bastd
138 3855 238 3918 etiarn
254 3851 431 3918 divenditis
445 3851 580 3917 luders.
624 3848 791 3912 Antonios
805 3852 1003 3914 servitutem
1018 3867 1121 3916 anxa·

30 3945 90 4016 rat,
107 3938 279 4023 Antigono
293 3957 371 4022 rege
382 3957 426 4002 ex
440 3935 690 4001 Armonreorum
705 3933 826 3996 illustri
840 3937 1000 4020 sanguine
1015 3939 1122 4002 securi

31 4043 199 4104 percurro.
242 4025 317 4090 Nec
339 4025 456 4088 melior
479 4023 673 4086 lniteorum
693 4037 774 4094 sora,
796 4019 858 4084 rub
872 4022 1037 4104 Angusto,
1058 4021 1121 4089 rub
1165 4021 1167 4030 “

29 4129 90 4192 qno
107 4117 207 4175 natus
221 4116 270 4176 ert
284 4109 458 4178 bominum
472 4113 507 4172 et
522 4103 716 4190 angelorum
731 4121 800 4168 rar.
1136 4135 1137 4142 κ
