3000 5006
62 317 142 400 Gap.
158 293 215 408 8.]
433 337 485 388 na
507 337 805 390 rusurrrcnnrorrn.
1098 333 1162 398 ¹llll

60 487 85 550 l.
106 488 362 558 Libertatem
378 491 601 574 Levitioarnm
617 497 882 560 coeremoniarum
902 498 998 580 jugo,
1013 503 1047 564 el
1063 505 1164 566 servia

56 579 128 636 tute
144 577 400 642 elementorum
418 577 543 642 mundi.
586 583 618 642 2.
640 581 872 644 Libertatemrl
888 581 1013 664 legibus
1028 584 1164 653 lorensi·

54 657 114 728 bu!
131 661 384 740 israelitarum,
400 684 472 748 quae
489 664 567 728 hnic
581 669 672 746 genti
689 667 903 748 particulares
919 676 1023 732 erant.

96 745 153 810 111
191 749 255 814 Ad
281 751 468 814 libertatem
490 749 712 814 Christianam
729 753 873 834 pertinet
888 751 1024 821 libertae
1039 761 1164 822 consci-
1258 757 1261 766 ’

56 834 169 910 adm,
194 853 262 916 per
288 855 389 918 quam
411 838 614 900 conscientia
639 839 734 920 nnius
758 837 823 902 Dei
846 839 985 920 imperio
1003 843 1163 924 subjacet,

55 917 101 978 ita
118 922 282 984 utnulla
294 924 495 986 anctoritate
519 923 645 1005 possint
664 921 753 1006 adigi
773 921 884 986 fideles
899 923 942 991 ad
966 925 1051 988 ullos
1069 935 1165 996 actus

54 1007 251 1070 contrarios
268 1006 317 1070 illi
339 1006 521 1084 dictamini,
537 1015 571 1070 et
585 1001 691 1072 nulle
708 1009 878 1072 bominum
891 1009 981 1092 leges
996 1011 1121 1078 directe
1130 1019 1166 1078 et

55 1089 260 1155 immediate
284 1095 519 1158 conscientiam
540 1093 700 1176 obligent,
716 1096 778 1182 etsi
799 1093 960 1160 indirecte
980 1105 1014 1162 et
1029 1103 1165 1182 propter

55 1173 119 1237 Dei
138 1176 260 1260 legem
274 1178 339 1242 illis
353 1181 396 1242 sit
407 1179 563 1242 obnoxia.

97 1259 149 1323 lV
188 1263 251 1327 Ad
269 1263 409 1328 eandem
426 1267 569 1347 pertinet
585 1284 662 1328 neus
677 1263 760 1328 liber
771 1283 879 1330 rernm
891 1265 1164 1348 indifferentium,

58 1365 154 1430 quern
171 1368 281 1412 usum
298 1349 423 1432 duplici
440 1351 512 1434 lege
534 1358 666 1414 coercet
685 1351 867 1434 Scriptura,
904 1355 930 1416 l.
956 1353 1002 1416 Ut
1022 1356 1065 1416 sis
1091 1375 1165 1438 per-

58 1449 175 1496 suasus
192 1444 231 1499 te
248 1455 319 1498 uon
336 1436 421 1498 male
436 1455 549 1520 agere,
568 1457 673 1520 quum
689 1439 791 1500 uteris
809 1439 848 1500 iis
867 1438 964 1501 rebus
974 1439 1165 1504 indifferen-

59 1517 170 1595 tibns;
194 1523 364 1603 quicquid
378 1521 518 1586 animan
535 1520 608 1603 fide
621 1541 686 1586 aon
702 1527 762 1598 erl,
780 1525 955 1604 peccalum
976 1528 1037 1600 cal,
1059 1523 1162 1590 Rom.
1234 1567 1237 1576 ·

59 1606 123 1666 air.
148 1607 206 1670 23.
259 1607 308 1674 Ut
337 1615 466 1688 spectes
489 1627 557 1672 non
574 1608 684 1676 solrlm
710 1607 789 1690 quid
813 1608 902 1684 licet,
924 1608 983 1673 sed
1004 1609 1087 1693 qnid
1107 1629 1163 1675 ex·

60 1687 187 1770 pediat‚
210 1692 425 1756 omainmilri
439 1693 548 1770 licent,
570 1699 607 1758 ot
621 1713 687 1757 reon
696 1696 808 1758 omnio
820 1695 1014 1770 madenam,
1038 1699 1066 1760 l.
1084 1695 1163 1760 Cor.

59 1775 101 1836 ri.
121 1776 173 1838 la.
199 1797 238 1842 ι.
256 1777 310 1842 28.
333 1777 511 1860 legendum
526 1787 635 1842 totum
647 1786 760 1862 caput,
783 1779 883 1844 Rom.
898 1783 966 1845 xiv.
987 1799 1029 1846 na
1048 1782 1165 1851 abula·

60 1861 560 1930 rialibartuteodaocndnlum
573 1869 634 1930 dac.
852 1939 857 1952 ,

103 1945 145 2009 V.
166 1951 220 2016 Ut
235 1949 444 2014 denudatam
457 1950 633 2014 admittere
646 1969 714 2014 non
726 1949 828 2014 debet
842 1952 928 2033 pins,
940 1969 1004 2018 nec
1021 1969 1088 2034 pras
1112 1972 1164 2016 oa-

62 2033 130 2097 tare
140 2035 291 2112 ollandi3
307 2039 354 2100 ita
365 2035 551 2100 cavendum
564 2043 602 2099 nt
612 2035 837 2103 abstineamus
848 2035 892 2098 ab
903 2038 993 2104 omni
1003 1970 1163 2104 scoriate

61 2114 171 2183 dando
183 2123 242 2186 vel
253 2119 471 2186 doctrintvel
483 2119 587 2188 lautia
611 2121 995 2204 Infirmornmimprimia
1008 2121 1164 2188 habenda

62 2209 158 2284 ratio,
170 2227 241 2272 nec
255 2211 377 2274 lamere
387 2207 752 2274 indifferentibneabuti
763 2213 907 2291 oportet,
918 2209 945 2270 si
957 2206 1092 2290 judicas
1102 2209 1163 2274 ali·

63 2309 144 2372 quos
160 2297 332 2361 sinistram
343 2291 787 2377 detatpietateopinionarn
800 2299 1032 2376 concepturae,
1048 2301 1109 2363 ant
1119 2295 1165 2363 ad

61 2376 260 2462 religionem
276 2379 491 2445 deserendam
514 2380 693 2462 impulsum
714 2381 755 2441 iri
771 2381 837 2440 tuis
852 2379 1051 2444 actionibus.
1095 2380 1164 2448 Sed

62 2480 119 2543 per
143 2463 298 2528 infirmos
323 2467 457 2528 minime
475 2463 692 2544 intelligimus
711 2461 895 2526 obstinatos
918 2465 952 2526 in
975 2481 1105 2541 errore3
1129 2470 1165 2530 st

62 2551 114 2630 qni
145 2549 299 2613 libertati
324 2555 443 2612 nostre
469 2548 594 2610 vellent
616 2545 775 2622 insidiari,
797 2545 925 2608 Galil.
945 2547 1024 2622 al,
1044 2549 1094 2623 ll,
1114 2549 1162 2614 12.

60 2631 107 2696 At
122 2635 252 2697 iratres
267 2636 323 2718 qui
338 2631 485 2697 nondum
497 2631 698 2696 sufficienter
712 2630 822 2696 edocti
844 2637 924 2696 sunt
946 2631 987 2696 de
1010 2633 1165 2698 libertate
1221 2673 1223 2681 ι

56 2715 273 2796 Christiani,
295 2720 440 2783 utmnlti
455 2717 561 2782 iudei
583 2735 697 2781 recens
711 2717 754 2780 ad
777 2717 874 2782 fidem
894 2721 1058 2794 conversi,
1080 2739 1163 2804 quo·

51 2819 129 2864 rum
146 2799 237 2869 ideo
254 2805 368 2868 babila
383 2811 433 2868 est
448 2807 532 2867 ratio
547 2807 581 2866 in
604 2803 742 2888 Synodo
764 2803 1070 2889 Hierosolymitant
1083 2805 1162 2874 Act.

57 2907 111 2952 ιι.
127 2887 186 2953 28.
238 2890 286 2955 Ar
300 2890 342 2954 de
357 2888 513 2954 scandalo
529 2889 633 2952 lueida
648 2891 681 2950 in
699 2885 958 2956 Etbict-*nostra
1136 2953 1140 2959 ,

103 2973 172 3041 Vl.
201 2973 277 3040 Hoc
292 2983 395 3061 capnt
410 2973 530 3040 claudo
546 2974 674 3038 eximiis
697 2973 835 3038 Comini
853 2977 957 3036 nostri
979 2977 1086 3040 verbis
1108 2979 1162 3042 In·

66 3062 132 3126 stit.
149 3061 210 3126 lib.
227 3061 292 3126 lll.
314 3083 343 3126 c.
370 3062 418 3125 19.
436 3063 466 3124 9.
512 3059 573 3122 Est
589 3064 700 3121 autem
721 3057 896 3139 diligenter
918 3059 1161 3126 observandum

60 3145 295 3212 ‘Christianam
310 3147 497 3210 libertatem
513 3143 667 3208 omnibus
688 3144 756 3206 suis
777 3141 1007 3225 partibus-rem
1030 3149 1163 3228 spiritn-

67 3233 151 3298 alem
169 3251 253 3310 esse,
275 3235 373 3316 cnjus
389 3239 462 3296 tota
476 3233 526 3295 vis
540 3233 574 3294 in
587 3229 809 3293 formidolosis
823 3229 1034 3296 conscientiis
1049 3251 1162 3296 coram

67 3315 142 3382 Deo
156 3319 373 3404 pacificandis
389 3322 496 3402 posita
510 3318 563 3393 sit,
585 3318 655 3380 sive
670 3315 712 3379 de
736 3320 949 3398 peccatorum
965 3317 1158 3385 remissione

69 3403 222 3487 inquiete
237 3409 314 3482 sint,
334 3423 375 3469 ac
387 3405 533 3479 solicite,
545 3403 624 3465 sive
640 3403 746 3466 anxiae
768 3403 834 3465 aint
849 3407 961 3466 utrtlm
973 3421 1086 3485 ›opara
1101 3406 1161 3470 irn-

68 3491 227 3568 perlecta,
256 3497 291 3556 et
312 3493 400 3554 vitiis
421 3492 529 3554 carnis
547 3493 675 3552 *nostre
699 3489 873 3570 inquinata
890 3487 971 3552 Deo
996 3487 1162 3570 placeant,

69 3575 134 3638 sira
149 3576 195 3641 de
211 3595 319 3640 rarum
336 3575 594 3640 indifferentium
610 3591 672 3637 usn
688 3580 915 3659 torqueantur.
950 3574 1074 3642 *Quare
1089 3595 1163 3657 per·

71 3669 159 3727 rarae
173 3666 447 3747 interpretantur,
469 3661 523 3724 vel
537 3662 594 3743 qui
616 3659 941 3747 suisronpidiratibus,
959 3663 1064 3744 ipsam
1083 3681 1162 3744 prae·

71 3748 201 3826 texum,
223 3757 260 3812 ut
276 3749 341 3812 Dei
356 3746 452 3812 donis
473 3747 657 3808 abutantur
670 3747 704 3808 in
720 3763 813 3812 suam
829 3745 1011 3820 libidinem,
1034 3745 1088 3810 rel
1104 3748 1161 3830 qni

70 3832 194 3898 unllam
210 3853 285 3898 esse
297 3839 428 3917 putant,
450 3833 511 3894 nisi
527 3849 639 3894 coram
654 3829 849 3896 bominibus
859 3840 1072 3914 usurpatam
1093 3831 1162 3896 ide·

67 3917 148 3999 alque
173 3923 210 3984 in
235 3937 276 3983 ea
304 3918 428 3982 utenda
448 3917 575 3980 nnllam
600 3915 804 3980 inlirmorum
831 3915 971 3983 fratrum
999 3919 1161 3983 rationem

75 3998 204 4070 babent.
260 4007 372 4070 Primo
397 4021 518 4086 genera
547 4001 705 4082 majorem
726 4003 768 4064 tn
794 4001 931 4068 modum
957 4001 1023 4067 bac
1048 4003 1162 4070 seculo

74 4099 237 4165 amatur.
283 4089 407 4156 Nullus
429 4089 498 4152 lere
512 4091 574 4162 est,
595 4087 649 4149 cni
671 4091 867 4169 sumptuoso
886 4107 956 4152 esre
979 4107 1037 4171 per
1057 4089 1162 4156 lacul-

73 4176 153 4242 tatsa
176 4178 288 4257 liceat,
308 4195 408 4262 quara
428 4191 495 4264 poc
514 4171 658 4238 delectet
681 4174 716 4236 in
741 4189 908 4240 cenarum
928 4181 1105 4260 apparatu,
1125 4177 1160 4240 in
