3032 4998
367 367 410 432 oo
669 373 874 432 unnonoors
894 371 1117 430 cnorsunss.
1295 353 1435 448 ·[1ιί.ι.
1491 383 1492 448 j

360 537 404 600 sit
417 529 581 617 ponderis,
602 535 720 618 utpote
733 534 802 597 nuti
827 533 971 606 nissimo,
991 532 1012 596 ei
1036 529 1160 596 iudeis
1183 527 1314 612 publice
1328 535 1363 594 et
1377 531 1439 612 pri·

363 623 465 682 sotim
480 617 636 701 perlecto,
657 618 699 680 ob
713 619 790 702 ipsis
803 551 973 700 apostoiis
984 619 1113 692 ettotam
1138 633 1205 678 uon
1220 621 1331 678 tumen
1347 613 1440 678 tonti-
1491 661 1492 666 1

364 707 426 768 bus
451 695 724 788 sequipodondorn.
767 702 837 784 (l.)
858 701 947 770 Quis
976 701 1074 783 hujus
1102 701 1259 764 versionis
1281 705 1441 774 suctores,

365 794 559 870 interpretes
583 791 712 851 tuntum
738 787 884 863 inerunt,
904 807 971 850 non
994 785 1177 868 Prophetes
1220 784 1288 866 (2.)
1307 783 1440 852 Quisiu
1491 783 1492 790 ’

369 874 480 938 nutris
494 873 632 957 turpiter
647 879 808 949 errarunt,
830 871 918 936 unde
933 871 1031 935 iidem
1044 869 1209 954 Apostoli,
1229 871 1288 952 qui
1313 887 1380 936 non
1395 887 1442 931 rs·

367 979 406 1021 ro
430 975 470 1020 eo
495 965 646 1032 utuntur,
666 959 744 1040 quio
770 966 903 1042 recepto
923 963 994 1021 erut
1012 959 1098 1020 inter
1115 973 1239 1030 omnes,
1259 953 1441 1038 trequentes

368 1043 881 1126 etiomillipretuleruutfontes.
923 1043 992 1124 (8.)
1013 1037 1442 1108 Quiumultismodisinter·

370 1128 483 1212 polstn
496 1135 556 1206 est,
576 1118 665 1194 unde
679 1129 750 1216 ejus
775 1127 896 1198 rudere
910 1146 970 1196 uos
995 1131 1126 1195 tontum
1141 1125 1262 1192 hebere
1276 1127 1366 1188 recte
1380 1121 1442 1187 dic·

371 1221 445 1278 tum
464 1218 524 1280 est.
869 1215 871 1220 ’

773 1399 1050 1448 m

762 1541 919 1608 *CAPUT
938 1541 1073 1624 varrr.

588 1737 637 1796 De
649 1735 735 1795 Senon
747 1743 830 1814 otone
842 1735 1071 1812 interpretatione
1083 1733 1245 1811 Srriprwae.

422 1921 448 1982 1.
474 1917 624 1983 Dueuux
649 1923 699 1982 est
724 1919 900 2002 scripturn
925 1916 1448 2014 interpretatiounoquooeroo

377 2004 843 2169 tt²etttit¹2itttzttsf¹
857 1999 1451 2170 itiitt'dtittitdttit

378 2172 505 2320 oiipuid
519 2171 697 2236 dicendum
712 2178 762 2236 est
776 2171 818 2235 de
833 2171 1009 2254 Scriptum
1023 2189 1129 2235 sensu.

443 2257 469 2320 i.
493 2257 637 2322 Unicum
648 2259 681 2320 in
693 2253 863 2338 Scripturd
873 2275 1004 2321 sensum
1013 2257 1234 2340 agnoscimus,
1242 2259 1364 2322 veritos
1372 2256 1452 2320 euim
1491 2309 1492 2322 .

379 2345 480 2406 unico
494 2347 554 2418 est,
574 2348 610 2405 et
624 2342 733 2424 plures
747 2359 814 2405 uon
828 2341 975 2406 admittit
996 2361 1120 2420 sensus,
1140 2341 1221 2408 olido
1235 2345 1363 2407 incerto
1376 2341 1454 2404 toret
1491 2345 1492 2392 i

380 2433 416 2491 et
430 2427 606 2512 ambigam
636 2425 695 2492 sed
709 2425 873 2492 credimus
887 2426 1045 2510 Spiritum
1062 2427 1233 2504 Soncturm
1253 2427 1316 2492 sub
1330 2423 1396 2490 und
1408 2421 1455 2489 ei·
1491 2431 1492 2510 i

381 2511 523 2596 demque
537 2531 620 2576 voce
633 2511 738 2576 multo
751 2511 849 2574 simul
863 2511 1040 2594 sliquondo
1055 2519 1236 2577 connotore
1249 2513 1407 2588 voluisse;
1424 2514 1456 2573 ut
1491 2511 1492 2586 ἶ

380 2597 443 2660 sibi
458 2595 683 2672 subordinate,
695 2598 743 2660 ito
756 2603 795 2659 ut
808 2597 949 2664 alterurn
963 2597 1098 2660 citerius
1108 2599 1151 2661 sit
1160 2601 1290 2682 signum
1305 2603 1340 2660 et
1354 2602 1457 2683 typus,

382 2683 437 2744 vei
452 2683 593 2766 ntiquom
608 2684 695 2745 inter
709 2701 744 2744 se
763 2684 1003 2746 connexionem
1026 2682 1190 2744 nebesac:
1222 2683 1270 2744 sic
1291 2681 1453 2744 oraculum

382 2765 508 2830 deuon
523 2763 768 2849 confringendis
780 2766 906 2828 ossibus
920 2769 1008 2847 ugni,
1031 2765 1139 2830 Exod.
1150 2767 1208 2829 xii.
1231 2763 1369 2851 Agrium
1380 2765 1454 2830 Poo-

384 2849 520 2924 chalem,
545 2851 662 2931 prirud,
683 2849 889 2930 respiciebat,
910 2848 1030 2912 deiude
1043 2849 1220 2927 Christum,
1235 2851 1312 2916 Joh.
1327 2853 1394 2915 xix.
1409 2850 1453 2914 36.

385 2933 441 3000 Sic
456 2937 627 3017 promissio
641 2933 721 2996 doto
736 2929 924 2996 Adrodomo
948 2932 988 2994 de
1007 2935 1141 3008 nemine,
1163 2935 1315 2998 isaacum
1329 2938 1363 2998 in
1378 2940 1456 3082 φο,

386 3017 556 3082 Christum
567 3016 738 3102 spectobot
749 3019 783 3080 in
794 3017 958 3100 antitypa.
995 3015 1075 3080 an
1087 3035 1153 3080 non
1164 3021 1371 3092 constituunt
1403 3035 1456 3080 oos

384 3121 510 3180 sensus,
530 3101 588 3166 sed
609 3102 692 3166 duos
758 3106 825 3166 rtes
847 3101 945 3164 unius
963 3100 1174 3186 ejusdemque
1188 3121 1300 3170 sensus
1314 3103 1457 3172 intentid

386 3187 510 3272 Spiritu
526 3187 660 3252 Sancto.
734 3189 816 3254 rimo
825 3204 901 3268 poss
912 3187 1136 3267 dquibosdcrn
1152 3187 1314 3273 theologis
1329 3192 1456 3253 vocsrm

386 3293 502 3337 emeris
524 3274 679 3348 literatis,
700 3273 780 3356 quin
793 3273 820 3332 is
835 3276 895 3343 est,
917 3290 1013 3352 quem
1028 3272 1129 3338 verbu
1143 3275 1292 3354 proxime
1305 3281 1340 3338 et
1354 3277 1456 3337 imme·

386 3357 476 3422 diste
491 3377 557 3444 pne
571 3378 606 3420 se
620 3357 751 3432 ieruut3
773 3352 928 3430 secundo,
952 3373 1069 3421 sensus
1077 3359 1245 3442 mysticus,
1266 3362 1324 3442 qui
1338 3357 1401 3424 ulid
1415 3373 1456 3418 re·

386 3441 500 3521 ierim,
514 3445 613 3532 qudm
625 3441 668 3504 od
678 3440 723 3516 id,
738 3439 825 3523 quod
837 3437 937 3503 verbu
951 3439 1138 3506 immediate
1151 3442 1352 3524 significent3
1367 3445 1457 3526 juxto

300 3591 302 3600 ,
387 3529 470 3592 aiios
485 3534 573 3603 vero,
594 3544 708 3590 sensns
732 3523 868 3588 literulis
893 3523 1124 3608 complectitur
1138 3525 1171 3590 id
1188 3547 1306 3607 omne‚.
1318 3527 1402 3614 quod
1415 3527 1456 3588 in·
1481 3587 1484 3594 .

389 3612 537 3679 tenditur
552 3613 572 3674 d
587 3609 710 3692 Spiritu
726 3608 860 3674 Sancto.

432 3695 496 3760 ιιι.
519 3691 574 3758 Ad
589 3693 833 3778 scripturorum
848 3712 963 3764 verum
990 3715 1120 3766 sensum
1148 3698 1391 3774 inveniendum,
1409 3713 1455 3760 eo·

388 3779 595 3862 rundemqne
619 3780 934 3863 interpretationem,
952 3781 1020 3850 hec
1035 3787 1217 3848 necessario
1230 3791 1320 3864 sunt,
1344 3787 1370 3850 ι.
1386 3781 1455 3848 Fre·

390 3886 494 3951 quens
509 3863 632 3942 oroti03
652 3883 712 3950 per
725 3863 866 3931 eundem
881 3867 969 3930 enim
984 3867 1141 3952 Spiritum
1155 3871 1393 3954 intelliguntur,
1406 3879 1456 3950 per

391 3971 490 4036 quern
512 3949 643 4016 dictate
668 3957 755 4017 sont.
798 3950 830 4016 2.
853 3949 992 4016 Animus
1016 3953 1237 4036 proindicutis
1258 3953 1456 4040 opinionibus

391 4055 518 4100 vocuus
541 4055 582 4100 oc
608 4037 753 4101 veritatis
776 4054 901 4114 omnus,
923 4043 957 4100 et
971 4039 1005 4100 in
1020 4057 1086 4120 qno
1101 4042 1144 4104 sit
1156 4060 1240 4106 vern
1254 4042 1382 4126 pietotis
1395 4043 1454 4100 stn-

392 4120 494 4184 dium.
528 4123 558 4186 S.
576 4121 732 4186 Fontium
746 4123 918 4205 inspectio,
929 4142 990 4188 nec
1002 4126 1088 4190 enirn
1099 4127 1133 4190 in
1144 4127 1255 4192 rivulis
1270 4121 1456 4194 terendum,

392 4223 465 4292 qun
480 4213 590 4272 tomen
606 4207 748 4278 rontium
762 4208 924 4294 inspectio
945 4228 1013 4280 non
1037 4209 1190 4278 omuibus
1212 4213 1391 4280 uecesmiu
1404 4209 1457 4280 eti»
