3000 5006
339 184 469 272 tupi]
682 204 728 252 on
745 199 1054 254 otonrrrcsrrosne

293 368 296 381 ·
337 357 441 420 Conse
458 357 605 440 cognitio
620 376 688 422 non
704 362 766 423 erit
786 359 926 422 ‹lilllcilis
948 359 1059 424 iudici
1074 359 1178 422 omnis
1240 409 1242 432 ‚

339 445 380 506 lt.
422 441 512 505 libri
534 461 648 506 omnes
672 448 868 528 aperientur.
894 445 979 508 Dan.
1003 447 1059 508 rii.
1084 445 1131 506 10.
1154 444 1179 507 A
1240 468 1243 510 :

335 527 424 591 Liber
434 530 657 609 providentioe
673 537 704 594 ot
718 531 958 594 omniscientis
971 529 1047 604 Dei,
1063 529 1105 591 de
1120 549 1181 612 quo
1240 554 1243 590 t

339 613 380 675 16.
396 623 428 677 ct
445 615 500 676 lvi.
517 616 547 678 9.
591 615 689 679 Liber
703 617 925 691 conscientiae,
941 619 973 677 iu
990 635 1057 697 qno
1072 621 1182 696 scripti

333 698 370 759 ab
391 717 592 782 unoquoque
608 701 684 764 boni
701 701 753 764 vel
773 702 850 764 mali
875 701 998 763 lactum
1016 705 1088 764 erit.
1124 699 1183 763 Lib
1240 720 1243 764 ι

333 801 384 846 xx.
414 784 463 846 12.
491 785 579 848 hisce
606 787 714 849 verbis
738 787 819 848 nihil
845 784 954 849 ludici
984 785 1054 848 iore
1082 787 1184 866 incog:
1240 807 1243 846 l

332 867 509 952 Scriptura,
536 869 728 954 metaphori
753 867 884 954 sumpti
898 875 918 934 i
933 871 1172 934 consuetudine

273 1025 275 1042 Ι
329 953 459 1034 judiciis
481 955 627 1018 adhiberi
654 957 760 1020 solita
806 957 934 1019 Norma
961 957 1058 1037 hujus
1079 955 1187 1037 judici,
1242 977 1243 984 ¹

272 1093 274 1116 ,
332 1043 439 1112 tatem·
463 1040 602 1104 Eileoici
608 1041 846 1123 judicabuntur
857 1041 956 1122 juxta
970 1042 1188 1104 noturolcmr
1240 1061 1243 1099 t

331 1121 448 1187 Judaei
463 1125 563 1207 juxta
582 1133 722 1212 regalem
747 1131 969 1202 oeconomiam,
988 1126 1175 1190 Christiani
1240 1148 1243 1188 ι

328 1211 475 1356 {pirum
497 1213 544 1273 sio
555 1217 612 1294 qui
628 1215 698 1274 sine
711 1214 781 1295 lege
793 1219 984 1294 peccarunt,
997 1216 1066 1274 sine
1079 1212 1149 1292 lege
1160 1212 1192 1294 je
1240 1233 1243 1274 ι

363 1315 428 1359 om.
456 1297 491 1358 ii.
521 1295 567 1358 12.
613 1297 791 1362 Sententise
814 1300 1038 1380 pronuntiatio
1061 1297 1117 1360 liet
1143 1317 1193 1379 pos

330 1398 475 1456 causam,
498 1384 603 1463 primo
618 1383 802 1458 absolvens,
826 1397 939 1466 postes
953 1381 1195 1454 condemnans;
1240 1429 1241 1440 .

330 1467 417 1529 tione
435 1467 582 1548 incipiet,
596 1467 639 1529 ad
649 1467 889 1532 ostendendum
901 1487 936 1530 se
951 1487 1021 1530 esse
1037 1471 1196 1548 proniores
1240 1486 1243 1528 ε

328 1550 490 1626 nendum,
517 1553 612 1634 quim
636 1553 679 1614 ud
704 1552 1005 1625 condemnandum,
1028 1553 1071 1614 ad
1098 1552 1197 1632 majus
1240 1572 1243 1612 r

328 1637 500 1717 gandium,
516 1637 606 1698 etad
627 1639 789 1700 acriorem
804 1640 979 1719 impiorum
997 1636 1143 1698 dolorem
1242 1689 1243 1696 ,

326 1730 375 1784 set
391 1719 500 1784 videri
522 1721 699 1789 nonnullis.
724 1721 893 1784 Christum
920 1729 1156 1795 recensentem,
1185 1720 1200 1782 l
1240 1749 1243 1782 l

328 1807 425 1888 quale
444 1806 669 1888 pronuntiabit
680 1807 843 1888 judicium
866 1809 898 1868 in
917 1806 1034 1868 ultima
1058 1805 1122 1880 dle,
1143 1825 1202 1867 non
1240 1827 1243 1868 r

328 1895 389 1954 nisi
408 1909 549 1974 operum
562 1893 791 1955 misericordiis
805 1910 885 1972 erga
897 1889 1078 1964 Christum,
1094 1909 1195 1972 quum
1240 1911 1243 1951 ι

324 1979 475 2060 patratio
502 1981 603 2060 possit
624 1978 791 2060 imputari,
822 1997 883 2041 nec
920 1976 1070 2040 deiectus
1097 1980 1199 2058 possit
1240 2003 1242 2032 ε

326 2063 512 2124 innumeris
528 2063 724 2137 hominibus,
738 2066 792 2146 qui
808 2063 891 2126 nihil
912 2062 954 2124 de
971 2062 1104 2124 Christo
1119 2063 1205 2126 sudu
1240 2081 1243 2123 l

327 2153 424 2210 recte
450 2147 659 2210 observatum
687 2147 756 2210 hmo
780 2147 923 2229 exempli
950 2148 1057 2226 gralli
1080 2154 1206 2209 tantum
1240 2166 1243 2206 ι

328 2229 481 2306 Christo,
501 2239 535 2294 et
550 2231 683 2312 quidem
694 2233 793 2310 juxta
806 2229 1012 2292 Catechesim
1025 2236 1173 2292 veterum
1193 2231 1207 2289 l
1240 2253 1243 2289 ε

320 2319 429 2398 cujus
455 2315 575 2376 rudera
595 2321 711 2376 extant
736 2319 770 2376 iu
787 2313 982 2394 Paraplrrasi
1008 2312 1127 2373 could.
1155 2313 1208 2374 Eo
1240 2337 1243 2372 ι

317 2420 402 2484 cap.
435 2399 479 2462 ix.
496 2399 526 2459 7.
571 2399 748 2474 Quaritor,
773 2416 815 2460 sn
833 2409 971 2480 peccata
994 2399 1120 2480 piorum
1143 2413 1209 2480 sequ

310 2503 399 2550 rum
438 2479 697 2546 revelabuntur?
754 2482 826 2546 Nos
841 2501 907 2546 uon
930 2485 1175 2546 existimamus:
1241 2537 1242 2544 ,

314 2574 476 2656 peccata
498 2569 732 2644 revelarentur,
748 2569 882 2632 caderet
899 2569 961 2632 hoc
987 2573 1020 2632 iu
1035 2573 1211 2633 confusion
1240 2591 1242 2632 1

325 2652 488 2738 aquibus
514 2655 612 2718 debet
627 2655 772 2716 exulare.
816 2655 845 2716 2.
870 2653 958 2720 Quis
983 2657 1130 2736 gratuita
1156 2655 1212 2716 Clu
1240 2677 1241 2684 ¹

320 2737 453 2806 cordia
467 2758 534 2802 non
561 2739 631 2802 rult
656 2739 818 2801 reeordari
843 2746 1057 2822 peccatorum
1079 2737 1213 2802 fideliun

326 2844 404 2893 nou
422 2832 473 2887 est
488 2824 662 2888 verisimile
679 2823 847 2886 Christum
864 2823 948 2886 selle
973 2825 1169 2905 exprobrare
1189 2843 1214 2884 ει

326 2929 455 2978 eorum
470 2919 616 2994 peccata.
661 2911 824 2992 Sequetur
838 2911 1003 2982 executio,
1021 2909 1143 2972 Matth.
1159 2927 1215 2972 xxi

326 2999 420 3063 bunt
436 2998 536 3078 impii
558 2997 604 3059 od
622 2997 826 3079 supplicium
850 3009 1020 3068 calmum,
1039 2998 1130 3078 jusit
1150 3013 1216 3058 ocri

325 3087 509 3148 mamm.
555 3081 664 3144 Nemo
680 3084 800 3164 poterit
807 3080 930 3162 judicis
946 3083 1038 3144 istius
1055 3089 1217 3164 potestate

322 3165 1220 3334 {titillationillltttltt‘tslltlt.

961 3297 972 3330 t

323 3347 402 3412 tur,
421 3357 484 3401 neo
508 3335 648 3420 pessuli
662 3343 901 3419 corrumpetur,
916 3356 979 3402 nec
995 3336 1221 3421 poenitentiis

329 3427 436 3490 tione
451 3423 666 3503 mitigabitur.

380 3506 450 3570 Vl.
477 3507 528 3570 De
544 3509 618 3571 loco
631 3505 813 3592 queritur?
858 3509 1059 3591 Designatur
1075 3529 1133 3592 per
1145 3519 1224 3574 cero

335 3597 353 3659 l
370 3593 496 3657 Thess.
513 3595 555 3654 iv.
583 3595 632 3657 l'l.
658 3593 783 3658 Mattlr.
797 3595 885 3656 xxiv.
908 3595 959 3658 80.
982 3595 1045 3677 Ap.
1061 3596 1082 3657 i.
1094 3595 1123 3656 ¹1.
1149 3594 1225 3658 Ecce

330 3677 498 3744 nubilus.
522 3682 554 3740 et
575 3679 700 3742 cicestr
715 3697 787 3741 eum
810 3681 916 3742 omnis
935 3683 1058 3746 οωιιιο.
1102 3678 1226 3744 Vallem

329 3785 379 3830 ex
399 3763 488 3826 male
502 3763 672 3826 intellecto
691 3765 763 3828 loco
778 3762 879 3825 tosus
891 3767 934 3826 iii.
952 3764 983 3826 2.
996 3763 1130 3827 delinire
1141 3783 1201 3847 pro
1216 3763 1227 3828 l

329 3847 523 3914 ridiculum
535 3855 605 3922 est;
626 3849 720 3910 vallis
735 3847 907 3931 iosaphsti
925 3847 978 3912 hlc
990 3849 1141 3928 designat
1155 3867 1227 3916 omn

328 3936 541 4016 ubicunqne
567 3931 656 3997 Deus
681 3935 714 3996 in
741 3933 851 3998 hostes
874 3933 1031 4000 Ecclesia
1042 3933 1169 4017 judicia
1189 3933 1226 4012 de

327 4037 434 4086 esre.
477 4019 594 4086 Serum
610 4025 660 4086 est
670 4017 878 4104 allegoricus,
892 4019 934 4086 de
956 4019 1107 4086 Ecclesia
1121 4015 1225 4092 Deisl
