<?xml version="1.0" encoding="UTF-8"?>
<!DOCTYPE html PUBLIC "-//W3C//DTD XHTML 1.0 Transitional//EN"
    "http://www.w3.org/TR/xhtml1/DTD/xhtml1-transitional.dtd">
<html xmlns="http://www.w3.org/1999/xhtml" xml:lang="en" lang="en">
 <head>
  <title>
</title>
<meta http-equiv="Content-Type" content="text/html;charset=utf-8" />
  <meta name='ocr-system' content='tesseract 3.04.00' />
  <meta name='ocr-capabilities' content='ocr_page ocr_carea ocr_par ocr_line ocrx_word'/>
</head>
<body>
  <div class='ocr_page' id='page_1' title='image "./theologiachrist00pictgoog_0261.png"; bbox 0 0 3000 4998; ppageno 0'>
   <div class='ocr_carea' id='block_1_1' title="bbox 69 521 1140 618">
    <p class='ocr_par' dir='ltr' id='par_1_1' title="bbox 69 521 1140 618">
     <span class='ocr_line' id='line_1_1' title="bbox 69 521 1140 618; baseline 0.013 -22"><span class='ocrx_word' id='word_1_1' title='bbox 69 529 141 616; x_wconf 77' lang='lat' dir='ltr'><strong>t’op.</strong></span> <span class='ocrx_word' id='word_1_2' title='bbox 157 531 216 618; x_wconf 71' lang='lat' dir='ltr'><strong>it]</strong></span> <span class='ocrx_word' id='word_1_3' title='bbox 247 521 253 602; x_wconf 78' lang='grc' dir='ltr'>ἶ</span> <span class='ocrx_word' id='word_1_4' title='bbox 452 549 498 602; x_wconf 82' lang='lat' dir='ltr'><strong>ua</strong></span> <span class='ocrx_word' id='word_1_5' title='bbox 521 549 738 606; x_wconf 77' lang='lat' dir='ltr'><strong>unnrsrosu.</strong></span> <span class='ocrx_word' id='word_1_6' title='bbox 1070 538 1140 609; x_wconf 72' lang='lat' dir='ltr'><strong>m</strong></span> 
     </span>
    </p>
   </div>
   <div class='ocr_carea' id='block_1_2' title="bbox 65 697 1143 1138">
    <p class='ocr_par' dir='ltr' id='par_1_2' title="bbox 65 697 1143 1048">
     <span class='ocr_line' id='line_1_2' title="bbox 66 697 1133 795; baseline 0.011 -29"><span class='ocrx_word' id='word_1_7' title='bbox 66 707 193 770; x_wconf 86' lang='lat' dir='ltr'><strong>orarium</strong></span> <span class='ocrx_word' id='word_1_8' title='bbox 209 697 335 789; x_wconf 78' lang='lat' dir='ltr'><strong>iugrshi</strong></span> <span class='ocrx_word' id='word_1_9' title='bbox 347 697 366 782; x_wconf 73' lang='lat'><strong>;&#39;</strong></span> <span class='ocrx_word' id='word_1_10' title='bbox 379 711 418 772; x_wconf 87' lang='lat' dir='ltr'><strong>nt</strong></span> <span class='ocrx_word' id='word_1_11' title='bbox 427 711 588 794; x_wconf 71' lang='lat' dir='ltr'><strong>propheto</strong></span> <span class='ocrx_word' id='word_1_12' title='bbox 603 703 717 775; x_wconf 74' lang='lat' dir='ltr'><strong>debuit</strong></span> <span class='ocrx_word' id='word_1_13' title='bbox 727 711 829 795; x_wconf 81' lang='lat' dir='ltr'><strong>priris</strong></span> <span class='ocrx_word' id='word_1_14' title='bbox 840 710 975 778; x_wconf 80' lang='lat' dir='ltr'><strong>ministri</strong></span> <span class='ocrx_word' id='word_1_15' title='bbox 991 715 1133 780; x_wconf 65' lang='lat' dir='ltr'><strong>circum</strong></span> 
     </span>
     <span class='ocr_line' id='line_1_3' title="bbox 65 791 1134 882; baseline 0.011 -31"><span class='ocrx_word' id='word_1_16' title='bbox 65 793 182 853; x_wconf 85' lang='lat' dir='ltr'><strong>cisionis</strong></span> <span class='ocrx_word' id='word_1_17' title='bbox 196 791 284 854; x_wconf 87' lang='lat' dir='ltr'><strong>inter</strong></span> <span class='ocrx_word' id='word_1_18' title='bbox 298 793 414 857; x_wconf 68' lang='lat' dir='ltr'><strong>tratres</strong></span> <span class='ocrx_word' id='word_1_19' title='bbox 427 797 522 861; x_wconf 82' lang='lat' dir='ltr'><strong>&#39;obire</strong></span> <span class='ocrx_word' id='word_1_20' title='bbox 537 799 661 873; x_wconf 87' lang='lat' dir='ltr'><strong>munia,</strong></span> <span class='ocrx_word' id='word_1_21' title='bbox 676 803 903 882; x_wconf 81' lang='lat' dir='ltr'><strong>antequamiu</strong></span> <span class='ocrx_word' id='word_1_22' title='bbox 921 801 1134 863; x_wconf 71' lang='lat' dir='ltr'><strong>cmium&#39;ruh·</strong></span> 
     </span>
     <span class='ocr_line' id='line_1_4' title="bbox 65 874 1143 968; baseline 0.013 -34"><span class='ocrx_word' id='word_1_23' title='bbox 65 874 147 949; x_wconf 84' lang='lat' dir='ltr'><strong>ictus,</strong></span> <span class='ocrx_word' id='word_1_24' title='bbox 168 875 259 940; x_wconf 84' lang='lat' dir='ltr'><strong>heret</strong></span> <span class='ocrx_word' id='word_1_25' title='bbox 273 875 391 942; x_wconf 86' lang='lat' dir='ltr'><strong>doctor</strong></span> <span class='ocrx_word' id='word_1_26' title='bbox 406 881 531 960; x_wconf 87' lang='lat' dir='ltr'><strong>mundi,</strong></span> <span class='ocrx_word' id='word_1_27' title='bbox 552 891 587 946; x_wconf 88' lang='lat' dir='ltr'><strong>et</strong></span> <span class='ocrx_word' id='word_1_28' title='bbox 597 891 634 945; x_wconf 91' lang='lat' dir='ltr'><strong>ut</strong></span> <span class='ocrx_word' id='word_1_29' title='bbox 648 883 833 968; x_wconf 68' lang='lat' dir='ltr'><strong>reodebnit</strong></span> <span class='ocrx_word' id='word_1_30' title='bbox 847 885 908 948; x_wconf 84' lang='lat' dir='ltr'><strong>sihi</strong></span> <span class='ocrx_word' id='word_1_31' title='bbox 923 885 965 948; x_wconf 80' lang='lat' dir='ltr'><strong>art</strong></span> <span class='ocrx_word' id='word_1_32' title='bbox 978 885 1143 952; x_wconf 70' lang='lat' dir='ltr'><strong>thronum</strong></span> 
     </span>
     <span class='ocr_line' id='line_1_5' title="bbox 65 965 1047 1048; baseline 0.017 -29"><span class='ocrx_word' id='word_1_33' title='bbox 65 967 196 1024; x_wconf 88' lang='lat' dir='ltr'><strong>sternere</strong></span> <span class='ocrx_word' id='word_1_34' title='bbox 204 965 290 1026; x_wconf 82' lang='lat' dir='ltr'><strong>riam</strong></span> <span class='ocrx_word' id='word_1_35' title='bbox 307 985 365 1045; x_wconf 85' lang='lat' dir='ltr'><strong>per</strong></span> <span class='ocrx_word' id='word_1_36' title='bbox 380 969 545 1048; x_wconf 80' lang='lat' dir='ltr'><strong>passiones</strong></span> <span class='ocrx_word' id='word_1_37' title='bbox 560 987 600 1030; x_wconf 89' lang='lat' dir='ltr'><strong>ac</strong></span> <span class='ocrx_word' id='word_1_38' title='bbox 616 972 807 1032; x_wconf 77' lang='lat' dir='ltr'><strong>certamina.</strong></span> <span class='ocrx_word' id='word_1_39' title='bbox 1043 1015 1047 1022; x_wconf 90' lang='lat'>-</span> 
     </span>
    </p>

    <p class='ocr_par' dir='ltr' id='par_1_3' title="bbox 100 1045 1140 1138">
     <span class='ocr_line' id='line_1_6' title="bbox 100 1045 1140 1138; baseline 0.01 -30"><span class='ocrx_word' id='word_1_40' title='bbox 100 1045 156 1108; x_wconf 85' lang='lat' dir='ltr'><strong>tv.</strong></span> <span class='ocrx_word' id='word_1_41' title='bbox 179 1047 367 1113; x_wconf 72' lang='lat' dir='ltr'><strong>Necessitas</strong></span> <span class='ocrx_word' id='word_1_42' title='bbox 381 1055 626 1118; x_wconf 74' lang='lat' dir='ltr'><strong>cniaonttt‘oaia</strong></span> <span class='ocrx_word' id='word_1_43' title='bbox 651 1053 774 1120; x_wconf 83' lang='lat' dir='ltr'><strong>Christi</strong></span> <span class='ocrx_word' id='word_1_44' title='bbox 792 1061 883 1138; x_wconf 82' lang='lat' dir='ltr'><strong>patet</strong></span> <span class='ocrx_word' id='word_1_45' title='bbox 906 1053 1085 1131; x_wconf 75' lang='lat' dir='ltr'><strong>evidenter,</strong></span> <span class='ocrx_word' id='word_1_46' title='bbox 1105 1057 1140 1118; x_wconf 84' lang='lat' dir='ltr'><strong>ai·</strong></span> 
     </span>
    </p>
   </div>
   <div class='ocr_carea' id='block_1_3' title="bbox 64 1131 1146 2750">
    <p class='ocr_par' dir='ltr' id='par_1_4' title="bbox 65 1131 1145 1792">
     <span class='ocr_line' id='line_1_7' title="bbox 65 1131 1142 1224; baseline 0.01 -32"><span class='ocrx_word' id='word_1_47' title='bbox 65 1131 250 1211; x_wconf 85' lang='lat' dir='ltr'><strong>ottendatur,</strong></span> <span class='ocrx_word' id='word_1_48' title='bbox 268 1134 431 1214; x_wconf 85' lang='lat' dir='ltr'><strong>justitiam</strong></span> <span class='ocrx_word' id='word_1_49' title='bbox 451 1136 513 1201; x_wconf 91' lang='lat' dir='ltr'><strong>Dei</strong></span> <span class='ocrx_word' id='word_1_50' title='bbox 528 1159 595 1202; x_wconf 95' lang='lat' dir='ltr'><strong>non</strong></span> <span class='ocrx_word' id='word_1_51' title='bbox 612 1143 757 1222; x_wconf 83' lang='lat' dir='ltr'><strong>potuisse</strong></span> <span class='ocrx_word' id='word_1_52' title='bbox 767 1141 863 1204; x_wconf 84' lang='lat' dir='ltr'><strong>aliter</strong></span> <span class='ocrx_word' id='word_1_53' title='bbox 877 1141 1013 1224; x_wconf 86' lang='lat' dir='ltr'><strong>placari,</strong></span> <span class='ocrx_word' id='word_1_54' title='bbox 1034 1143 1142 1224; x_wconf 80' lang='lat' dir='ltr'><strong>quhnr</strong></span> 
     </span>
     <span class='ocr_line' id='line_1_8' title="bbox 65 1225 1139 1310; baseline 0.01 -33"><span class='ocrx_word' id='word_1_55' title='bbox 65 1229 256 1296; x_wconf 81' lang='lat' dir='ltr'><strong>permortem</strong></span> <span class='ocrx_word' id='word_1_56' title='bbox 270 1225 452 1304; x_wconf 81' lang='lat' dir='ltr'><strong>peccatoris</strong></span> <span class='ocrx_word' id='word_1_57' title='bbox 463 1229 522 1286; x_wconf 87' lang='lat' dir='ltr'><strong>aut</strong></span> <span class='ocrx_word' id='word_1_58' title='bbox 532 1225 707 1308; x_wconf 57' lang='lat' dir='ltr'><strong>cottianae</strong></span> <span class='ocrx_word' id='word_1_59' title='bbox 721 1227 865 1310; x_wconf 83' lang='lat' dir='ltr'><strong>potuisse</strong></span> <span class='ocrx_word' id='word_1_60' title='bbox 880 1227 996 1290; x_wconf 80' lang='lat' dir='ltr'><strong>melitis</strong></span> <span class='ocrx_word' id='word_1_61' title='bbox 1008 1227 1139 1309; x_wconf 74' lang='lat' dir='ltr'><strong>peoo&#39;ath</strong></span> 
     </span>
     <span class='ocr_line' id='line_1_9' title="bbox 67 1301 1143 1395; baseline 0.012 -34"><span class='ocrx_word' id='word_1_62' title='bbox 67 1301 140 1364; x_wconf 87' lang='lat' dir='ltr'><strong>nala</strong></span> <span class='ocrx_word' id='word_1_63' title='bbox 165 1308 320 1387; x_wconf 87' lang='lat' dir='ltr'><strong>reparari.</strong></span> <span class='ocrx_word' id='word_1_64' title='bbox 374 1307 524 1373; x_wconf 79' lang='lat' dir='ltr'><strong>Adamas</strong></span> <span class='ocrx_word' id='word_1_65' title='bbox 549 1310 703 1393; x_wconf 71' lang='lat' dir='ltr'><strong>superbit</strong></span> <span class='ocrx_word' id='word_1_66' title='bbox 728 1314 879 1395; x_wconf 84' lang='lat' dir='ltr'><strong>perierat,</strong></span> <span class='ocrx_word' id='word_1_67' title='bbox 910 1321 946 1375; x_wconf 83' lang='lat' dir='ltr'><strong>et</strong></span> <span class='ocrx_word' id='word_1_68' title='bbox 970 1329 1143 1374; x_wconf 78' lang='lat' dir='ltr'><strong>summanr·</strong></span> 
     </span>
     <span class='ocr_line' id='line_1_10' title="bbox 67 1389 1137 1474; baseline 0.009 -26"><span class='ocrx_word' id='word_1_69' title='bbox 67 1389 220 1474; x_wconf 81' lang='lat' dir='ltr'><strong>miseriam</strong></span> <span class='ocrx_word' id='word_1_70' title='bbox 235 1393 269 1452; x_wconf 89' lang='lat' dir='ltr'><strong>in</strong></span> <span class='ocrx_word' id='word_1_71' title='bbox 297 1397 445 1474; x_wconf 85' lang='lat' dir='ltr'><strong>posteros</strong></span> <span class='ocrx_word' id='word_1_72' title='bbox 470 1399 688 1460; x_wconf 68' lang='lat' dir='ltr'><strong>accersiverat</strong></span> <span class='ocrx_word' id='word_1_73' title='bbox 701 1397 891 1472; x_wconf 54' lang='lat' dir='ltr'><strong>tarmus</strong></span> <span class='ocrx_word' id='word_1_74' title='bbox 907 1397 1059 1462; x_wconf 67' lang='lat' dir='ltr'><strong>nom</strong></span> <span class='ocrx_word' id='word_1_75' title='bbox 1074 1394 1137 1458; x_wconf 72' lang='lat' dir='ltr'><strong>suh</strong></span> 
     </span>
     <span class='ocr_line' id='line_1_11' title="bbox 66 1469 1137 1556; baseline 0.011 -24"><span class='ocrx_word' id='word_1_76' title='bbox 66 1469 234 1538; x_wconf 82' lang='lat' dir='ltr'><strong>humilitate</strong></span> <span class='ocrx_word' id='word_1_77' title='bbox 249 1495 311 1539; x_wconf 89' lang='lat' dir='ltr'><strong>nos</strong></span> <span class='ocrx_word' id='word_1_78' title='bbox 322 1478 449 1542; x_wconf 82' lang='lat' dir='ltr'><strong>salvare</strong></span> <span class='ocrx_word' id='word_1_79' title='bbox 468 1480 583 1543; x_wconf 86' lang='lat' dir='ltr'><strong>voluit.</strong></span> <span class='ocrx_word' id='word_1_80' title='bbox 628 1483 780 1546; x_wconf 79' lang='lat' dir='ltr'><strong>Adortus</strong></span> <span class='ocrx_word' id='word_1_81' title='bbox 793 1501 906 1546; x_wconf 80' lang='lat' dir='ltr'><strong>sersus</strong></span> <span class='ocrx_word' id='word_1_82' title='bbox 923 1481 999 1556; x_wconf 83' lang='lat' dir='ltr'><strong>Dei,</strong></span> <span class='ocrx_word' id='word_1_83' title='bbox 1021 1483 1137 1544; x_wconf 82' lang='lat' dir='ltr'><strong>sciens</strong></span> 
     </span>
     <span class='ocr_line' id='line_1_12' title="bbox 66 1555 1144 1643; baseline 0.012 -26"><span class='ocrx_word' id='word_1_84' title='bbox 66 1555 187 1623; x_wconf 80' lang='lat' dir='ltr'><strong>formant</strong></span> <span class='ocrx_word' id='word_1_85' title='bbox 207 1561 273 1624; x_wconf 89' lang='lat' dir='ltr'><strong>Dei</strong></span> <span class='ocrx_word' id='word_1_86' title='bbox 300 1562 448 1640; x_wconf 84' lang='lat' dir='ltr'><strong>induere,</strong></span> <span class='ocrx_word' id='word_1_87' title='bbox 470 1583 583 1628; x_wconf 81' lang='lat' dir='ltr'><strong>servus</strong></span> <span class='ocrx_word' id='word_1_88' title='bbox 606 1565 728 1630; x_wconf 81' lang='lat' dir='ltr'><strong>diaboli</strong></span> <span class='ocrx_word' id='word_1_89' title='bbox 755 1568 861 1631; x_wconf 81' lang='lat' dir='ltr'><strong>tactus</strong></span> <span class='ocrx_word' id='word_1_90' title='bbox 887 1575 958 1643; x_wconf 66' lang='grc' dir='ltr'><strong>επις</strong></span> <span class='ocrx_word' id='word_1_91' title='bbox 982 1567 1144 1630; x_wconf 72' lang='lat' dir='ltr'><strong>Chrirtw</strong></span> 
     </span>
     <span class='ocr_line' id='line_1_13' title="bbox 67 1647 1145 1792; baseline 0.012 -89"><span class='ocrx_word' id='word_1_92' title='bbox 67 1649 175 1792; x_wconf 47' lang='lat' dir='ltr'><strong>{tcum</strong></span> <span class='ocrx_word' id='word_1_93' title='bbox 206 1647 362 1711; x_wconf 86' lang='lat' dir='ltr'><strong>liberaret</strong></span> <span class='ocrx_word' id='word_1_94' title='bbox 385 1651 469 1714; x_wconf 82' lang='lat' dir='ltr'><strong>servi</strong></span> <span class='ocrx_word' id='word_1_95' title='bbox 496 1651 635 1714; x_wconf 78' lang='lat' dir='ltr'><strong>formam</strong></span> <span class='ocrx_word' id='word_1_96' title='bbox 661 1651 781 1728; x_wconf 84' lang='lat' dir='ltr'><strong>induit,</strong></span> <span class='ocrx_word' id='word_1_97' title='bbox 812 1655 874 1715; x_wconf 85' lang='lat' dir='ltr'><strong>etsi</strong></span> <span class='ocrx_word' id='word_1_98' title='bbox 899 1653 1039 1715; x_wconf 83' lang='lat' dir='ltr'><strong>turmam</strong></span> <span class='ocrx_word' id='word_1_99' title='bbox 1067 1653 1145 1716; x_wconf 86' lang='lat' dir='ltr'><strong>Dei·</strong></span> 
     </span>
    </p>

    <p class='ocr_par' dir='ltr' id='par_1_5' title="bbox 86 1741 194 1795">
     <span class='ocr_line' id='line_1_14' title="bbox 86 1741 194 1795; baseline 0.056 -6"><span class='ocrx_word' id='word_1_100' title='bbox 86 1745 102 1789; x_wconf 86' lang='lat' dir='ltr'><strong>a</strong></span> <span class='ocrx_word' id='word_1_101' title='bbox 140 1741 194 1795; x_wconf 86' lang='lat' dir='ltr'><strong>ret.</strong></span> 
     </span>
    </p>

    <p class='ocr_par' dir='ltr' id='par_1_6' title="bbox 64 1813 1146 2750">
     <span class='ocr_line' id='line_1_15' title="bbox 101 1813 1136 1886; baseline 0.003 -6"><span class='ocrx_word' id='word_1_102' title='bbox 101 1813 137 1878; x_wconf 86' lang='lat' dir='ltr'><strong>V.</strong></span> <span class='ocrx_word' id='word_1_103' title='bbox 160 1817 348 1881; x_wconf 84' lang='lat' dir='ltr'><strong>Necessitas</strong></span> <span class='ocrx_word' id='word_1_104' title='bbox 358 1823 580 1886; x_wconf 69' lang='lat' dir='ltr'><strong>annuntiante</strong></span> <span class='ocrx_word' id='word_1_105' title='bbox 588 1819 712 1885; x_wconf 88' lang='lat' dir='ltr'><strong>Christi</strong></span> <span class='ocrx_word' id='word_1_106' title='bbox 726 1824 826 1886; x_wconf 89' lang='lat' dir='ltr'><strong>etiam</strong></span> <span class='ocrx_word' id='word_1_107' title='bbox 843 1841 910 1885; x_wconf 89' lang='lat' dir='ltr'><strong>uon</strong></span> <span class='ocrx_word' id='word_1_108' title='bbox 928 1822 1136 1885; x_wconf 82' lang='lat' dir='ltr'><strong>minhsevin·</strong></span> 
     </span>
     <span class='ocr_line' id='line_1_16' title="bbox 67 1899 1137 1990; baseline 0.008 -32"><span class='ocrx_word' id='word_1_109' title='bbox 67 1899 146 1976; x_wconf 90' lang='lat' dir='ltr'><strong>citur,</strong></span> <span class='ocrx_word' id='word_1_110' title='bbox 166 1905 190 1965; x_wconf 86' lang='lat' dir='ltr'><strong>si</strong></span> <span class='ocrx_word' id='word_1_111' title='bbox 212 1904 418 1979; x_wconf 87' lang='lat' dir='ltr'><strong>attendatur,</strong></span> <span class='ocrx_word' id='word_1_112' title='bbox 466 1908 492 1980; x_wconf 42' lang='lat' dir='ltr'><strong>i..</strong></span> <span class='ocrx_word' id='word_1_113' title='bbox 516 1906 595 1970; x_wconf 84' lang='lat' dir='ltr'><strong>Nou</strong></span> <span class='ocrx_word' id='word_1_114' title='bbox 612 1909 758 1990; x_wconf 83' lang='lat' dir='ltr'><strong>potuisse</strong></span> <span class='ocrx_word' id='word_1_115' title='bbox 784 1925 916 1971; x_wconf 87' lang='lat' dir='ltr'><strong>manere</strong></span> <span class='ocrx_word' id='word_1_116' title='bbox 932 1909 965 1968; x_wconf 92' lang='lat' dir='ltr'><strong>in</strong></span> <span class='ocrx_word' id='word_1_117' title='bbox 989 1907 1137 1970; x_wconf 87' lang='lat' dir='ltr'><strong>exinani·</strong></span> 
     </span>
     <span class='ocr_line' id='line_1_17' title="bbox 66 1983 1136 2074; baseline 0.01 -31"><span class='ocrx_word' id='word_1_118' title='bbox 66 1983 141 2048; x_wconf 83' lang='lat' dir='ltr'><strong>tione</strong></span> <span class='ocrx_word' id='word_1_119' title='bbox 154 1995 312 2052; x_wconf 75' lang='lat' dir='ltr'><strong>eternum</strong></span> <span class='ocrx_word' id='word_1_120' title='bbox 332 1990 395 2053; x_wconf 87' lang='lat' dir='ltr'><strong>Dei</strong></span> <span class='ocrx_word' id='word_1_121' title='bbox 413 1990 545 2054; x_wconf 83' lang='lat' dir='ltr'><strong>Filium.</strong></span> <span class='ocrx_word' id='word_1_122' title='bbox 588 1991 627 2054; x_wconf 77' lang='grc'><strong>2.·</strong></span> <span class='ocrx_word' id='word_1_123' title='bbox 642 1989 809 2055; x_wconf 83' lang='lat' dir='ltr'><strong>Justitiam</strong></span> <span class='ocrx_word' id='word_1_124' title='bbox 827 1992 891 2054; x_wconf 92' lang='lat' dir='ltr'><strong>Dei</strong></span> <span class='ocrx_word' id='word_1_125' title='bbox 904 2011 969 2054; x_wconf 91' lang='lat' dir='ltr'><strong>non</strong></span> <span class='ocrx_word' id='word_1_126' title='bbox 991 1992 1136 2074; x_wconf 84' lang='lat' dir='ltr'><strong>potuisse</strong></span> 
     </span>
     <span class='ocr_line' id='line_1_18' title="bbox 65 2073 1134 2161; baseline 0.007 -31"><span class='ocrx_word' id='word_1_127' title='bbox 65 2073 131 2148; x_wconf 84' lang='lat' dir='ltr'><strong>pati,</strong></span> <span class='ocrx_word' id='word_1_128' title='bbox 152 2081 196 2150; x_wconf 92' lang='lat' dir='ltr'><strong>ut,</strong></span> <span class='ocrx_word' id='word_1_129' title='bbox 218 2077 277 2159; x_wconf 91' lang='lat' dir='ltr'><strong>qui</strong></span> <span class='ocrx_word' id='word_1_130' title='bbox 295 2076 391 2158; x_wconf 71' lang='lat' dir='ltr'><strong>plene</strong></span> <span class='ocrx_word' id='word_1_131' title='bbox 405 2077 435 2137; x_wconf 89' lang='lat' dir='ltr'><strong>ei</strong></span> <span class='ocrx_word' id='word_1_132' title='bbox 451 2076 667 2154; x_wconf 74' lang='lat' dir='ltr'><strong>satisfecerat,</strong></span> <span class='ocrx_word' id='word_1_133' title='bbox 689 2095 749 2140; x_wconf 88' lang='lat' dir='ltr'><strong>sno</strong></span> <span class='ocrx_word' id='word_1_134' title='bbox 765 2078 899 2161; x_wconf 73' lang='lat' dir='ltr'><strong>premio</strong></span> <span class='ocrx_word' id='word_1_135' title='bbox 915 2075 1134 2139; x_wconf 73' lang='lat' dir='ltr'><strong>fraudaretur.</strong></span> 
     </span>
     <span class='ocr_line' id='line_1_19' title="bbox 66 2151 1136 2248; baseline 0.005 -29"><span class='ocrx_word' id='word_1_136' title='bbox 66 2151 131 2218; x_wconf 88' lang='lat' dir='ltr'><strong>Nou</strong></span> <span class='ocrx_word' id='word_1_137' title='bbox 146 2159 261 2223; x_wconf 90' lang='lat' dir='ltr'><strong>mirum</strong></span> <span class='ocrx_word' id='word_1_138' title='bbox 279 2168 328 2223; x_wconf 89' lang='lat' dir='ltr'><strong>est</strong></span> <span class='ocrx_word' id='word_1_139' title='bbox 343 2163 368 2224; x_wconf 89' lang='lat' dir='ltr'><strong>si</strong></span> <span class='ocrx_word' id='word_1_140' title='bbox 385 2163 572 2226; x_wconf 72' lang='lat' dir='ltr'><em>exinanitio</em></span> <span class='ocrx_word' id='word_1_141' title='bbox 593 2166 793 2248; x_wconf 66' lang='lat' dir='ltr'><strong>precesserit</strong></span> <span class='ocrx_word' id='word_1_142' title='bbox 814 2163 1060 2237; x_wconf 70' lang='lat' dir='ltr'><strong>cantationem,</strong></span> <span class='ocrx_word' id='word_1_143' title='bbox 1107 2160 1136 2224; x_wconf 89' lang='lat' dir='ltr'><strong>i.</strong></span> 
     </span>
     <span class='ocr_line' id='line_1_20' title="bbox 65 2236 1136 2332; baseline -0.002 -23"><span class='ocrx_word' id='word_1_144' title='bbox 65 2236 139 2318; x_wconf 64' lang='lat' dir='ltr'><strong>Quia</strong></span> <span class='ocrx_word' id='word_1_145' title='bbox 162 2247 249 2327; x_wconf 83' lang='lat' dir='ltr'><strong>priris</strong></span> <span class='ocrx_word' id='word_1_146' title='bbox 276 2246 544 2328; x_wconf 78' lang='lat' dir='ltr'><strong>satisfaciendum</strong></span> <span class='ocrx_word' id='word_1_147' title='bbox 560 2255 632 2312; x_wconf 90' lang='lat' dir='ltr'><strong>erat</strong></span> <span class='ocrx_word' id='word_1_148' title='bbox 652 2250 800 2332; x_wconf 69' lang='lat' dir='ltr'><strong>justitie,</strong></span> <span class='ocrx_word' id='word_1_149' title='bbox 822 2251 856 2312; x_wconf 88' lang='lat' dir='ltr'><strong>et</strong></span> <span class='ocrx_word' id='word_1_150' title='bbox 883 2249 972 2330; x_wconf 84' lang='lat' dir='ltr'><strong>priris</strong></span> <span class='ocrx_word' id='word_1_151' title='bbox 988 2246 1136 2326; x_wconf 78' lang='lat' dir='ltr'><strong>internus</strong></span> 
     </span>
     <span class='ocr_line' id='line_1_21' title="bbox 65 2317 1138 2418; baseline 0.009 -34"><span class='ocrx_word' id='word_1_152' title='bbox 65 2317 264 2409; x_wconf 68' lang='lat' dir='ltr'><strong>hauriendus,</strong></span> <span class='ocrx_word' id='word_1_153' title='bbox 286 2337 463 2416; x_wconf 83' lang='lat' dir='ltr'><strong>antequam</strong></span> <span class='ocrx_word' id='word_1_154' title='bbox 490 2335 673 2418; x_wconf 84' lang='lat' dir='ltr'><strong>aperiretur</strong></span> <span class='ocrx_word' id='word_1_155' title='bbox 696 2336 826 2398; x_wconf 82' lang='lat' dir='ltr'><strong>omium.</strong></span> <span class='ocrx_word' id='word_1_156' title='bbox 869 2331 901 2395; x_wconf 76' lang='grc'><strong>2.</strong></span> <span class='ocrx_word' id='word_1_157' title='bbox 924 2333 1011 2402; x_wconf 83' lang='lat' dir='ltr'><strong>Quia</strong></span> <span class='ocrx_word' id='word_1_158' title='bbox 1030 2331 1138 2412; x_wconf 81' lang='lat' dir='ltr'><strong>glarin</strong></span> 
     </span>
     <span class='ocr_line' id='line_1_22' title="bbox 65 2407 1146 2504; baseline 0.008 -33"><span class='ocrx_word' id='word_1_159' title='bbox 65 2407 188 2479; x_wconf 88' lang='lat' dir='ltr'><strong>debehat</strong></span> <span class='ocrx_word' id='word_1_160' title='bbox 213 2437 285 2481; x_wconf 87' lang='lat' dir='ltr'><strong>esse</strong></span> <span class='ocrx_word' id='word_1_161' title='bbox 310 2421 442 2497; x_wconf 77' lang='lat' dir='ltr'><strong>aeterna,</strong></span> <span class='ocrx_word' id='word_1_162' title='bbox 473 2438 606 2484; x_wconf 86' lang='lat' dir='ltr'><strong>necesse</strong></span> <span class='ocrx_word' id='word_1_163' title='bbox 628 2422 740 2504; x_wconf 85' lang='lat' dir='ltr'><strong>itaque</strong></span> <span class='ocrx_word' id='word_1_164' title='bbox 762 2419 827 2482; x_wconf 80' lang='lat' dir='ltr'><strong>tuo</strong></span> <span class='ocrx_word' id='word_1_165' title='bbox 851 2423 889 2480; x_wconf 90' lang='lat' dir='ltr'><strong>ut</strong></span> <span class='ocrx_word' id='word_1_166' title='bbox 912 2415 1146 2500; x_wconf 70' lang='lat' dir='ltr'><strong>precederent·</strong></span> 
     </span>
     <span class='ocr_line' id='line_1_23' title="bbox 64 2499 1143 2587; baseline 0 -26"><span class='ocrx_word' id='word_1_167' title='bbox 64 2499 223 2576; x_wconf 80' lang='lat' dir='ltr'><strong>pusiones.</strong></span> <span class='ocrx_word' id='word_1_168' title='bbox 279 2501 344 2566; x_wconf 85' lang='lat' dir='ltr'><strong>Sed</strong></span> <span class='ocrx_word' id='word_1_169' title='bbox 359 2509 398 2566; x_wconf 86' lang='lat' dir='ltr'><strong>ut</strong></span> <span class='ocrx_word' id='word_1_170' title='bbox 413 2505 603 2568; x_wconf 64' lang='lat' dir='ltr'><strong>mannitio</strong></span> <span class='ocrx_word' id='word_1_171' title='bbox 617 2506 783 2587; x_wconf 72' lang='lat' dir='ltr'><strong>precessit</strong></span> <span class='ocrx_word' id='word_1_172' title='bbox 792 2505 958 2565; x_wconf 71' lang='lat' dir='ltr'><strong>motatio</strong></span> <span class='ocrx_word' id='word_1_173' title='bbox 972 2502 1065 2581; x_wconf 87' lang='lat' dir='ltr'><strong>sequi</strong></span> <span class='ocrx_word' id='word_1_174' title='bbox 1081 2499 1143 2562; x_wconf 82' lang='lat' dir='ltr'><strong>de·</strong></span> 
     </span>
     <span class='ocr_line' id='line_1_24' title="bbox 65 2579 1141 2672; baseline 0.006 -32"><span class='ocrx_word' id='word_1_175' title='bbox 65 2579 143 2662; x_wconf 79' lang='lat' dir='ltr'><strong>buit3</strong></span> <span class='ocrx_word' id='word_1_176' title='bbox 165 2586 228 2651; x_wconf 93' lang='lat' dir='ltr'><strong>hoc</strong></span> <span class='ocrx_word' id='word_1_177' title='bbox 244 2588 435 2672; x_wconf 84' lang='lat' dir='ltr'><strong>postulabat</strong></span> <span class='ocrx_word' id='word_1_178' title='bbox 458 2607 524 2650; x_wconf 92' lang='lat' dir='ltr'><strong>non</strong></span> <span class='ocrx_word' id='word_1_179' title='bbox 536 2589 666 2670; x_wconf 91' lang='lat' dir='ltr'><strong>justitia</strong></span> <span class='ocrx_word' id='word_1_180' title='bbox 682 2587 746 2650; x_wconf 86' lang='lat' dir='ltr'><strong>Dei</strong></span> <span class='ocrx_word' id='word_1_181' title='bbox 769 2589 898 2649; x_wconf 84' lang='lat' dir='ltr'><strong>tantum</strong></span> <span class='ocrx_word' id='word_1_182' title='bbox 918 2591 953 2648; x_wconf 88' lang='lat' dir='ltr'><strong>et</strong></span> <span class='ocrx_word' id='word_1_183' title='bbox 967 2585 1141 2668; x_wconf 70' lang='lat' dir='ltr'><strong>unientis,</strong></span> 
     </span>
     <span class='ocr_line' id='line_1_25' title="bbox 65 2667 858 2750; baseline 0.008 -22"><span class='ocrx_word' id='word_1_184' title='bbox 65 2667 108 2728; x_wconf 87' lang='lat' dir='ltr'><strong>red</strong></span> <span class='ocrx_word' id='word_1_185' title='bbox 122 2675 155 2732; x_wconf 85' lang='lat' dir='ltr'><strong>et</strong></span> <span class='ocrx_word' id='word_1_186' title='bbox 169 2691 190 2734; x_wconf 95' lang='lat' dir='ltr'><strong>o</strong></span> <span class='ocrx_word' id='word_1_187' title='bbox 216 2691 254 2734; x_wconf 92' lang='lat' dir='ltr'><strong>us</strong></span> <span class='ocrx_word' id='word_1_188' title='bbox 268 2673 384 2735; x_wconf 86' lang='lat' dir='ltr'><strong>salutis</strong></span> <span class='ocrx_word' id='word_1_189' title='bbox 396 2681 526 2750; x_wconf 74' lang='lat' dir='ltr'><strong>nostre,</strong></span> <span class='ocrx_word' id='word_1_190' title='bbox 548 2679 582 2737; x_wconf 86' lang='lat' dir='ltr'><strong>et</strong></span> <span class='ocrx_word' id='word_1_191' title='bbox 597 2672 677 2736; x_wconf 84' lang='lat' dir='ltr'><strong>tides</strong></span> <span class='ocrx_word' id='word_1_192' title='bbox 690 2671 858 2737; x_wconf 77' lang='lat' dir='ltr'><strong>Ecclesiae.</strong></span> 
     </span>
    </p>
   </div>
   <div class='ocr_carea' id='block_1_4' title="bbox 97 2751 1240 2844">
    <p class='ocr_par' dir='ltr' id='par_1_7' title="bbox 97 2751 1240 2844">
     <span class='ocr_line' id='line_1_26' title="bbox 97 2751 1240 2844; baseline 0.003 -28"><span class='ocrx_word' id='word_1_193' title='bbox 97 2751 155 2822; x_wconf 85' lang='lat' dir='ltr'><strong>vt.</strong></span> <span class='ocrx_word' id='word_1_194' title='bbox 211 2759 384 2822; x_wconf 75' lang='lat' dir='ltr'><strong>ainoaitio</strong></span> <span class='ocrx_word' id='word_1_195' title='bbox 406 2757 530 2820; x_wconf 82' lang='lat' dir='ltr'><strong>Christi</strong></span> <span class='ocrx_word' id='word_1_196' title='bbox 555 2754 694 2844; x_wconf 80' lang='lat' dir='ltr'><strong>persooh</strong></span> <span class='ocrx_word' id='word_1_197' title='bbox 716 2754 829 2822; x_wconf 72' lang='lat' dir='ltr'><strong>dirint</strong></span> <span class='ocrx_word' id='word_1_198' title='bbox 850 2757 984 2821; x_wconf 87' lang='lat' dir='ltr'><strong>minima</strong></span> <span class='ocrx_word' id='word_1_199' title='bbox 998 2753 1136 2840; x_wconf 74' lang='lat' dir='ltr'><strong>indigna</strong></span> <span class='ocrx_word' id='word_1_200' title='bbox 1234 2769 1240 2778; x_wconf 82' lang='lat'><em>&#39;</em></span> 
     </span>
    </p>
   </div>
   <div class='ocr_carea' id='block_1_5' title="bbox 63 2835 1149 4465">
    <p class='ocr_par' dir='ltr' id='par_1_8' title="bbox 63 2835 1149 3620">
     <span class='ocr_line' id='line_1_27' title="bbox 64 2835 1147 2926; baseline 0.008 -30"><span class='ocrx_word' id='word_1_201' title='bbox 64 2835 123 2910; x_wconf 82' lang='lat' dir='ltr'><strong>suit,</strong></span> <span class='ocrx_word' id='word_1_202' title='bbox 146 2855 223 2902; x_wconf 89' lang='lat' dir='ltr'><strong>narn</strong></span> <span class='ocrx_word' id='word_1_203' title='bbox 239 2844 314 2926; x_wconf 81' lang='lat' dir='ltr'><strong>ejus&#39;</strong></span> <span class='ocrx_word' id='word_1_204' title='bbox 321 2845 488 2926; x_wconf 86' lang='lat' dir='ltr'><strong>passiones</strong></span> <span class='ocrx_word' id='word_1_205' title='bbox 503 2863 568 2907; x_wconf 92' lang='lat' dir='ltr'><strong>nou</strong></span> <span class='ocrx_word' id='word_1_206' title='bbox 585 2845 720 2909; x_wconf 83' lang='lat' dir='ltr'><strong>suerunt</strong></span> <span class='ocrx_word' id='word_1_207' title='bbox 735 2845 984 2918; x_wconf 72' lang='lat' dir='ltr'><strong>involuntario,</strong></span> <span class='ocrx_word' id='word_1_208' title='bbox 1006 2842 1064 2906; x_wconf 86' lang='lat' dir='ltr'><strong>sed</strong></span> <span class='ocrx_word' id='word_1_209' title='bbox 1079 2861 1147 2905; x_wconf 64' lang='grc' dir='ltr'><strong>νον</strong></span> 
     </span>
     <span class='ocr_line' id='line_1_28' title="bbox 63 2921 1144 3012; baseline 0.006 -27"><span class='ocrx_word' id='word_1_210' title='bbox 63 2921 235 2997; x_wconf 58' lang='lat' dir='ltr'><strong>tunicam</strong></span> <span class='ocrx_word' id='word_1_211' title='bbox 257 2945 324 2990; x_wconf 92' lang='lat' dir='ltr'><strong>uon</strong></span> <span class='ocrx_word' id='word_1_212' title='bbox 339 2923 477 3012; x_wconf 77' lang='lat' dir='ltr'><strong>effectus</strong></span> <span class='ocrx_word' id='word_1_213' title='bbox 498 2937 557 2992; x_wconf 86' lang='lat' dir='ltr'><strong>aut</strong></span> <span class='ocrx_word' id='word_1_214' title='bbox 579 2934 635 2993; x_wconf 82' lang='lat' dir='ltr'><strong>sui</strong></span> <span class='ocrx_word' id='word_1_215' title='bbox 652 2933 785 3010; x_wconf 78' lang='lat' dir='ltr'><strong>peccota·</strong></span> <span class='ocrx_word' id='word_1_216' title='bbox 805 2936 865 2992; x_wconf 89' lang='lat' dir='ltr'><strong>aut</strong></span> <span class='ocrx_word' id='word_1_217' title='bbox 879 2931 980 2992; x_wconf 82' lang='lat' dir='ltr'><strong>sortis</strong></span> <span class='ocrx_word' id='word_1_218' title='bbox 995 2927 1144 3008; x_wconf 64' lang='lat' dir='ltr'><strong>infictae,-</strong></span> 
     </span>
     <span class='ocr_line' id='line_1_29' title="bbox 63 3008 1145 3096; baseline 0.001 -25"><span class='ocrx_word' id='word_1_219' title='bbox 63 3008 107 3070; x_wconf 76' lang='lat' dir='ltr'><strong>ted</strong></span> <span class='ocrx_word' id='word_1_220' title='bbox 120 3013 287 3092; x_wconf 80' lang='lat' dir='ltr'><strong>sapientia</strong></span> <span class='ocrx_word' id='word_1_221' title='bbox 295 3013 531 3096; x_wconf 72' lang='lat' dir='ltr'><strong>providentiae,</strong></span> <span class='ocrx_word' id='word_1_222' title='bbox 553 3016 717 3076; x_wconf 80' lang='lat' dir='ltr'><strong>statuaris</strong></span> <span class='ocrx_word' id='word_1_223' title='bbox 728 3013 868 3090; x_wconf 79' lang='lat' dir='ltr'><strong>intuiti3</strong></span> <span class='ocrx_word' id='word_1_224' title='bbox 889 3030 1010 3095; x_wconf 87' lang='lat' dir='ltr'><strong>easque</strong></span> <span class='ocrx_word' id='word_1_225' title='bbox 1021 3023 1145 3094; x_wconf 63' lang='grc' dir='ltr'>ριἰιιιι.</span> 
     </span>
     <span class='ocr_line' id='line_1_30' title="bbox 63 3095 1147 3180; baseline 0.006 -29"><span class='ocrx_word' id='word_1_226' title='bbox 63 3099 102 3156; x_wconf 86' lang='lat' dir='ltr'><strong>est</strong></span> <span class='ocrx_word' id='word_1_227' title='bbox 123 3103 160 3159; x_wconf 93' lang='lat' dir='ltr'><strong>ut</strong></span> <span class='ocrx_word' id='word_1_228' title='bbox 186 3105 273 3161; x_wconf 86' lang='lat' dir='ltr'><strong>esset</strong></span> <span class='ocrx_word' id='word_1_229' title='bbox 299 3097 483 3162; x_wconf 86' lang='lat' dir='ltr'><strong>Redemtor</strong></span> <span class='ocrx_word' id='word_1_230' title='bbox 498 3097 680 3172; x_wconf 91' lang='lat' dir='ltr'><strong>hominum,</strong></span> <span class='ocrx_word' id='word_1_231' title='bbox 704 3101 741 3160; x_wconf 91' lang='lat' dir='ltr'><strong>nt</strong></span> <span class='ocrx_word' id='word_1_232' title='bbox 757 3097 894 3180; x_wconf 70' lang='lat' dir='ltr'><strong>justitiis</strong></span> <span class='ocrx_word' id='word_1_233' title='bbox 909 3095 1027 3158; x_wconf 79' lang='lat' dir='ltr'><strong>divinas</strong></span> <span class='ocrx_word' id='word_1_234' title='bbox 1044 3095 1147 3158; x_wconf 65' lang='lat' dir='ltr'><strong>heret</strong></span> 
     </span>
     <span class='ocr_line' id='line_1_31' title="bbox 64 3180 1146 3282; baseline 0.003 -44"><span class='ocrx_word' id='word_1_235' title='bbox 64 3181 137 3257; x_wconf 85' lang='lat' dir='ltr'><strong>satis,</strong></span> <span class='ocrx_word' id='word_1_236' title='bbox 159 3189 198 3245; x_wconf 91' lang='lat' dir='ltr'><strong>ut</strong></span> <span class='ocrx_word' id='word_1_237' title='bbox 224 3182 332 3246; x_wconf 79' lang='lat' dir='ltr'><strong>tontes</strong></span> <span class='ocrx_word' id='word_1_238' title='bbox 348 3182 579 3250; x_wconf 67' lang='lat' dir='ltr'><strong>misericordia</strong></span> <span class='ocrx_word' id='word_1_239' title='bbox 602 3185 753 3266; x_wconf 87' lang='lat' dir='ltr'><strong>aperiret,</strong></span> <span class='ocrx_word' id='word_1_240' title='bbox 775 3185 810 3244; x_wconf 89' lang='lat' dir='ltr'><strong>et</strong></span> <span class='ocrx_word' id='word_1_241' title='bbox 826 3188 863 3282; x_wconf 67' lang='lat' dir='ltr'><strong>ut</strong></span> <span class='ocrx_word' id='word_1_242' title='bbox 877 3180 992 3282; x_wconf 71' lang='lat' dir='ltr'><strong>salutis</strong></span> <span class='ocrx_word' id='word_1_243' title='bbox 1006 3186 1146 3243; x_wconf 58' lang='lat' dir='ltr'><strong>aterna?</strong></span> 
     </span>
     <span class='ocr_line' id='line_1_32' title="bbox 64 3265 1136 3437; baseline 0.007 -32"><span class='ocrx_word' id='word_1_244' title='bbox 64 3268 735 3437; x_wconf 66' lang='lat' dir='ltr'><strong>tiittttttttttiffttrist</strong></span> <span class='ocrx_word' id='word_1_245' title='bbox 746 3265 1136 3434; x_wconf 51' lang='lat' dir='ltr'><strong>i&#39;tmr&#39;lissiiiiss&#39;iiss</strong></span> 
     </span>
     <span class='ocr_line' id='line_1_33' title="bbox 66 3433 1148 3523; baseline 0.006 -31"><span class='ocrx_word' id='word_1_246' title='bbox 66 3433 131 3498; x_wconf 89' lang='lat' dir='ltr'><strong>riam</strong></span> <span class='ocrx_word' id='word_1_247' title='bbox 146 3441 276 3518; x_wconf 86' lang='lat' dir='ltr'><strong>extulit,</strong></span> <span class='ocrx_word' id='word_1_248' title='bbox 298 3441 466 3504; x_wconf 74' lang='lat' dir='ltr'><strong>sanctitati</strong></span> <span class='ocrx_word' id='word_1_249' title='bbox 487 3459 528 3503; x_wconf 89' lang='lat' dir='ltr'><strong>ac</strong></span> <span class='ocrx_word' id='word_1_250' title='bbox 544 3441 674 3504; x_wconf 82' lang='lat' dir='ltr'><strong>veritati</strong></span> <span class='ocrx_word' id='word_1_251' title='bbox 690 3457 787 3502; x_wconf 82' lang='lat' dir='ltr'><strong>suurn</strong></span> <span class='ocrx_word' id='word_1_252' title='bbox 804 3439 977 3523; x_wconf 85' lang='lat' dir='ltr'><strong>pristinum</strong></span> <span class='ocrx_word' id='word_1_253' title='bbox 994 3437 1148 3500; x_wconf 49' lang='lat' dir='ltr'><strong>restitnit*</strong></span> 
     </span>
     <span class='ocr_line' id='line_1_34' title="bbox 65 3519 1149 3620; baseline 0.002 -40"><span class='ocrx_word' id='word_1_254' title='bbox 65 3519 266 3604; x_wconf 79' lang='lat' dir='ltr'><strong>splendorem,</strong></span> <span class='ocrx_word' id='word_1_255' title='bbox 287 3545 327 3590; x_wconf 91' lang='lat' dir='ltr'><strong>ao</strong></span> <span class='ocrx_word' id='word_1_256' title='bbox 343 3529 404 3590; x_wconf 90' lang='lat' dir='ltr'><strong>toti</strong></span> <span class='ocrx_word' id='word_1_257' title='bbox 420 3525 491 3590; x_wconf 90' lang='lat' dir='ltr'><strong>orbi</strong></span> <span class='ocrx_word' id='word_1_258' title='bbox 508 3525 628 3601; x_wconf 87' lang='lat' dir='ltr'><strong>iucem,</strong></span> <span class='ocrx_word' id='word_1_259' title='bbox 643 3525 812 3609; x_wconf 79' lang='lat' dir='ltr'><strong>gaudium,</strong></span> <span class='ocrx_word' id='word_1_260' title='bbox 828 3531 861 3588; x_wconf 78' lang='lat' dir='ltr'><strong>st</strong></span> <span class='ocrx_word' id='word_1_261' title='bbox 876 3541 968 3608; x_wconf 83' lang='lat' dir='ltr'><strong>apem</strong></span> <span class='ocrx_word' id='word_1_262' title='bbox 981 3519 1149 3620; x_wconf 76' lang='lat' dir='ltr'><strong>reddidit.-</strong></span> 
     </span>
    </p>

    <p class='ocr_par' dir='ltr' id='par_1_9' title="bbox 65 3603 1149 4465">
     <span class='ocr_line' id='line_1_35' title="bbox 100 3603 1149 3706; baseline -0.003 -36"><span class='ocrx_word' id='word_1_263' title='bbox 100 3603 171 3671; x_wconf 84' lang='lat' dir='ltr'>V11.</span> <span class='ocrx_word' id='word_1_264' title='bbox 196 3611 259 3674; x_wconf 87' lang='lat' dir='ltr'><strong>Per</strong></span> <span class='ocrx_word' id='word_1_265' title='bbox 276 3613 361 3676; x_wconf 91' lang='lat' dir='ltr'><strong>hanc</strong></span> <span class='ocrx_word' id='word_1_266' title='bbox 383 3611 505 3675; x_wconf 86' lang='lat' dir='ltr'><strong>Christi</strong></span> <span class='ocrx_word' id='word_1_267' title='bbox 528 3613 798 3686; x_wconf 74' lang='lat' dir='ltr'><strong>exinanitionem,</strong></span> <span class='ocrx_word' id='word_1_268' title='bbox 821 3609 1011 3673; x_wconf 85' lang='lat' dir='ltr'><strong>nuliatenus</strong></span> <span class='ocrx_word' id='word_1_269' title='bbox 1029 3609 1149 3706; x_wconf 71' lang='lat' dir='ltr'><strong>immi-¹</strong></span> 
     </span>
     <span class='ocr_line' id='line_1_36' title="bbox 65 3695 1142 3792; baseline 0 -39"><span class='ocrx_word' id='word_1_270' title='bbox 65 3695 208 3759; x_wconf 73' lang='lat' dir='ltr'><strong>nutriuit</strong></span> <span class='ocrx_word' id='word_1_271' title='bbox 224 3699 296 3780; x_wconf 85' lang='lat' dir='ltr'><strong>ejus</strong></span> <span class='ocrx_word' id='word_1_272' title='bbox 311 3703 428 3763; x_wconf 88' lang='lat' dir='ltr'><strong>natura</strong></span> <span class='ocrx_word' id='word_1_273' title='bbox 445 3697 569 3773; x_wconf 83' lang='lat' dir='ltr'><strong>divina,</strong></span> <span class='ocrx_word' id='word_1_274' title='bbox 579 3717 652 3761; x_wconf 84' lang='lat' dir='ltr'><strong>neo</strong></span> <span class='ocrx_word' id='word_1_275' title='bbox 667 3699 854 3772; x_wconf 87' lang='lat' dir='ltr'><strong>immutata,</strong></span> <span class='ocrx_word' id='word_1_276' title='bbox 864 3695 1031 3758; x_wconf 60' lang='lat' dir='ltr'><strong>divinitas</strong></span> <span class='ocrx_word' id='word_1_277' title='bbox 1045 3708 1142 3792; x_wconf 63' lang='lat' dir='ltr'><strong>enum·</strong></span> 
     </span>
     <span class='ocr_line' id='line_1_37' title="bbox 66 3777 1136 3866; baseline 0.003 -32"><span class='ocrx_word' id='word_1_278' title='bbox 66 3783 240 3844; x_wconf 85' lang='lat' dir='ltr'><strong>mutationis</strong></span> <span class='ocrx_word' id='word_1_279' title='bbox 264 3785 370 3846; x_wconf 87' lang='lat' dir='ltr'><strong>omnis</strong></span> <span class='ocrx_word' id='word_1_280' title='bbox 396 3789 446 3848; x_wconf 89' lang='lat' dir='ltr'><strong>est</strong></span> <span class='ocrx_word' id='word_1_281' title='bbox 466 3787 619 3866; x_wconf 83' lang='lat' dir='ltr'><strong>incapax,</strong></span> <span class='ocrx_word' id='word_1_282' title='bbox 646 3798 707 3846; x_wconf 80' lang='lat' dir='ltr'><strong>nec</strong></span> <span class='ocrx_word' id='word_1_283' title='bbox 734 3784 911 3866; x_wconf 86' lang='lat' dir='ltr'><strong>quiequam</strong></span> <span class='ocrx_word' id='word_1_284' title='bbox 935 3797 1002 3842; x_wconf 84' lang='lat' dir='ltr'><strong>sura</strong></span> <span class='ocrx_word' id='word_1_285' title='bbox 1023 3777 1136 3860; x_wconf 73' lang='lat' dir='ltr'><strong>giorum</strong></span> 
     </span>
     <span class='ocr_line' id='line_1_38' title="bbox 65 3859 1137 3952; baseline 0.005 -35"><span class='ocrx_word' id='word_1_286' title='bbox 65 3864 176 3928; x_wconf 78' lang='lat' dir='ltr'><strong>aterna</strong></span> <span class='ocrx_word' id='word_1_287' title='bbox 195 3885 235 3932; x_wconf 89' lang='lat' dir='ltr'><strong>ac</strong></span> <span class='ocrx_word' id='word_1_288' title='bbox 260 3869 419 3932; x_wconf 85' lang='lat' dir='ltr'><strong>naturalis</strong></span> <span class='ocrx_word' id='word_1_289' title='bbox 440 3867 637 3952; x_wconf 84' lang='lat' dir='ltr'><strong>deperdidit,</strong></span> <span class='ocrx_word' id='word_1_290' title='bbox 659 3887 725 3930; x_wconf 93' lang='lat' dir='ltr'><strong>non</strong></span> <span class='ocrx_word' id='word_1_291' title='bbox 742 3869 829 3929; x_wconf 88' lang='lat' dir='ltr'><strong>enim</strong></span> <span class='ocrx_word' id='word_1_292' title='bbox 845 3865 942 3929; x_wconf 82' lang='lat' dir='ltr'><strong>desiit</strong></span> <span class='ocrx_word' id='word_1_293' title='bbox 960 3859 1137 3944; x_wconf 80' lang='lat' dir='ltr'><strong>essequod</strong></span> 
     </span>
     <span class='ocr_line' id='line_1_39' title="bbox 66 3946 1136 4036; baseline 0 -28"><span class='ocrx_word' id='word_1_294' title='bbox 66 3953 140 4024; x_wconf 76' lang='lat' dir='ltr'><strong>trat3</strong></span> <span class='ocrx_word' id='word_1_295' title='bbox 153 3951 184 4013; x_wconf 92' lang='lat' dir='ltr'><strong>id</strong></span> <span class='ocrx_word' id='word_1_296' title='bbox 197 3957 326 4018; x_wconf 78' lang='lat' dir='ltr'><strong>tautum</strong></span> <span class='ocrx_word' id='word_1_297' title='bbox 343 3955 494 4036; x_wconf 79' lang='lat' dir='ltr'><strong>contigit,</strong></span> <span class='ocrx_word' id='word_1_298' title='bbox 512 3953 680 4015; x_wconf 85' lang='lat' dir='ltr'><strong>Christum</strong></span> <span class='ocrx_word' id='word_1_299' title='bbox 698 3953 808 4015; x_wconf 86' lang='lat' dir='ltr'><strong>Deunr</strong></span> <span class='ocrx_word' id='word_1_300' title='bbox 824 3951 898 4013; x_wconf 84' lang='lat' dir='ltr'><strong>reio</strong></span> <span class='ocrx_word' id='word_1_301' title='bbox 909 3946 1136 4013; x_wconf 85' lang='lat' dir='ltr'><strong>carnisradioa</strong></span> 
     </span>
     <span class='ocr_line' id='line_1_40' title="bbox 67 4025 1136 4116; baseline 0.007 -30"><span class='ocrx_word' id='word_1_302' title='bbox 67 4025 231 4103; x_wconf 77' lang='lat' dir='ltr'><strong>divinitatis</strong></span> <span class='ocrx_word' id='word_1_303' title='bbox 252 4041 387 4116; x_wconf 81' lang='lat' dir='ltr'><strong>velasse,</strong></span> <span class='ocrx_word' id='word_1_304' title='bbox 409 4057 450 4103; x_wconf 88' lang='lat' dir='ltr'><strong>ao</strong></span> <span class='ocrx_word' id='word_1_305' title='bbox 465 4057 499 4101; x_wconf 85' lang='lat' dir='ltr'><strong>se</strong></span> <span class='ocrx_word' id='word_1_306' title='bbox 521 4038 582 4100; x_wconf 88' lang='lat' dir='ltr'><strong>sub</strong></span> <span class='ocrx_word' id='word_1_307' title='bbox 597 4036 671 4098; x_wconf 82' lang='lat' dir='ltr'><strong>velo</strong></span> <span class='ocrx_word' id='word_1_308' title='bbox 687 4037 877 4106; x_wconf 82' lang='lat' dir='ltr'><strong>mortalium</strong></span> <span class='ocrx_word' id='word_1_309' title='bbox 892 4033 998 4098; x_wconf 90' lang='lat' dir='ltr'><strong>oculis</strong></span> <span class='ocrx_word' id='word_1_310' title='bbox 1024 4029 1136 4096; x_wconf 86' lang='lat' dir='ltr'><strong>ooonl·</strong></span> 
     </span>
     <span class='ocr_line' id='line_1_41' title="bbox 66 4117 1134 4209; baseline -0.005 -24"><span class='ocrx_word' id='word_1_311' title='bbox 66 4117 149 4195; x_wconf 65' lang='lat' dir='ltr'><strong>tute,</strong></span> <span class='ocrx_word' id='word_1_312' title='bbox 172 4131 205 4186; x_wconf 88' lang='lat' dir='ltr'><strong>et</strong></span> <span class='ocrx_word' id='word_1_313' title='bbox 220 4125 355 4209; x_wconf 81' lang='lat' dir='ltr'><strong>quidem</strong></span> <span class='ocrx_word' id='word_1_314' title='bbox 370 4123 430 4186; x_wconf 91' lang='lat' dir='ltr'><strong>suh</strong></span> <span class='ocrx_word' id='word_1_315' title='bbox 446 4123 639 4186; x_wconf 83' lang='lat' dir='ltr'><strong>vetooaruis</strong></span> <span class='ocrx_word' id='word_1_316' title='bbox 655 4123 800 4196; x_wconf 80' lang='lat' dir='ltr'><strong>intirmn,</strong></span> <span class='ocrx_word' id='word_1_317' title='bbox 823 4122 959 4196; x_wconf 81' lang='lat' dir='ltr'><strong>miserae,</strong></span> <span class='ocrx_word' id='word_1_318' title='bbox 980 4117 1134 4181; x_wconf 84' lang='lat' dir='ltr'><strong>omnihus</strong></span> 
     </span>
     <span class='ocr_line' id='line_1_42' title="bbox 66 4205 1010 4360; baseline 0.004 -14"><span class='ocrx_word' id='word_1_319' title='bbox 66 4205 573 4360; x_wconf 68' lang='grc' dir='ltr'>ιιιιιιιιιιιι</span> <span class='ocrx_word' id='word_1_320' title='bbox 587 4206 1010 4359; x_wconf 58' lang='grc' dir='ltr'>ιιιιιιιιιιι</span> 
     </span>
     <span class='ocr_line' id='line_1_43' title="bbox 65 4370 1132 4465; baseline 0.005 -35"><span class='ocrx_word' id='word_1_321' title='bbox 65 4370 188 4444; x_wconf 82' lang='lat' dir='ltr'><strong>ruhinrio</strong></span> <span class='ocrx_word' id='word_1_322' title='bbox 202 4385 309 4446; x_wconf 82' lang='lat' dir='ltr'><strong>rarior</strong></span> <span class='ocrx_word' id='word_1_323' title='bbox 330 4380 601 4465; x_wconf 71' lang='lat' dir='ltr'><strong>emiseritgtoris</strong></span> <span class='ocrx_word' id='word_1_324' title='bbox 616 4380 735 4446; x_wconf 77' lang='lat' dir='ltr'><strong>divine</strong></span> <span class='ocrx_word' id='word_1_325' title='bbox 751 4377 870 4455; x_wconf 83' lang='lat' dir='ltr'><strong>radios,</strong></span> <span class='ocrx_word' id='word_1_326' title='bbox 892 4379 960 4443; x_wconf 83' lang='lat' dir='ltr'><strong>sire</strong></span> <span class='ocrx_word' id='word_1_327' title='bbox 985 4377 1020 4440; x_wconf 90' lang='lat' dir='ltr'><strong>iu</strong></span> <span class='ocrx_word' id='word_1_328' title='bbox 1036 4378 1132 4442; x_wconf 54' lang='lat' dir='ltr'><strong>mir*</strong></span> 
     </span>
    </p>
   </div>
   <div class='ocr_carea' id='block_1_6' title="bbox 0 0 1504 4998">
    <p class='ocr_par' dir='ltr' id='par_1_10' title="bbox 0 0 1504 4998">
     <span class='ocr_line' id='line_1_44' title="bbox 0 0 1504 4998; baseline 0 0"><span class='ocrx_word' id='word_1_329' title='bbox 0 0 1504 4998; x_wconf 95' lang='lat' dir='ltr'><strong> </strong></span> 
     </span>
    </p>
   </div>
  </div>
 </body>
</html>
