2986 5160
372 467 436 559 414
758 447 894 536 'runai
918 449 1052 535 nannir.

1329 585 1336 594 '
1399 587 1472 637 ἢ.

412 641 682 724 pentagono.
699 630 1391 730 oernreguroouerreurorpiruenirem.'
1433 599 1462 642 “

412 733 484 812 ejus
502 729 665 806 Pruriatio,
680 729 722 794 r‘d.
746 731 884 810 Singula
898 739 1062 814 precepta
1078 731 1191 811 paucis
1206 729 1362 811 exposita
1398 727 1462 792 321

370 819 553 884 Decretum
571 815 646 890 Dei,
668 812 774 898 quid?
799 813 868 878 1'02.
892 813 962 877 dari
978 815 1112 878 decreta
1126 815 1237 878 divina
1252 815 1375 896 probu-

410 911 478 978 tur,
503 899 546 964 id.
579 920 620 964 ea
634 911 757 964 eterna
771 907 848 963 sunt
870 903 1119 984 sapientissima,
1142 900 1308 962 liberrima
1330 915 1374 962 ιο

408 987 637 1062 immutabilia,
663 988 730 1050 108.
776 986 881 1049 N'ulla
895 989 928 1050 iu
946 986 1021 1050 D'eo
1043 985 1275 1050 sunt'deoreta·
1289 999 1374 1047 oon·

409 1071 614 1150 ditionata,d
629 1071 818 1136 conditione
835 1071 983 1134 mutabili
1001 1069 1189 1154 pendentia,
1209 1071 1278 1133 101.
1302 1068 1380 1132 Dei

408 1158 554 1234 decreta,
569 1177 673 1240 eaque
689 1157 905 1220 immutabilia
930 1160 1123 1239 neutiquam
1141 1163 1375 1219 creaturarum

407 1241 592 1308 iibertatem
610 1246 871 1328 spontaneitatis‚
887 1241 943 1306 red
956 1241 1217 1326 independentire
1232 1242 1375 1304 omnino

406 1329 543 1412 tollunt,
568 1329 640 1394 108.
686 1329 832 1392 Decreta
849 1327 912 1392 Dei
929 1331 1018 1391 circa
1035 1329 1166 1391 bonnet
1183 1327 1270 1390 maia
1285 1345 1370 1409 qno·

406 1414 508 1478 modo
524 1421 705 1490 versentur,
731 1415 799 1476 106.
830 1423 1001 1476 versantur
1017 1433 1148 1496 quoque
1163 1415 1252 1476 ciron
1267 1415 1371 1475 nnius

405 1499 567 1583 cujusque
585 1500 724 1564 tiomini's
745 1501 819 1562 vitta
835 1501 1011 1562 terminum
1028 1500 1129 1562 fixum
1147 1497 1234 1582 quod
1250 1503 1372 1562 contra

404 1585 819 1666 otijeotionesdeienditur,
831 1587 876 1649 16.
900 1585 993 1648 Ordo
1006 1583 1214 1648 decretorum
1229 1592 1369 1648 notatus
1395 1581 1456 1646 lut

363 1667 545 1736 Decretum
564 1671 628 1734 Dei
651 1679 799 1734 versatur
815 1673 913 1734 etiam
930 1673 1018 1734 circa
1038 1671 1208 1733 hominurn
1225 1669 1368 1732 minum

406 1763 441 1820 et
455 1757 637 1831 interitum,
658 1757 727 1820 190.
753 1757 850 1838 truJus
872 1755 996 1819 decreti
1012 1755 1144 1838 objecta
1158 1765 1237 1818 snut
1251 1773 1370 1818 omnes

336 1835 340 1845 ’
403 1839 487 1906 Ana
514 1845 648 1924 posteri,
663 1841 860 1908 considerati
878 1849 914 1903 ut
933 1843 1002 1922 jam
1019 1847 1121 1906 creati
1144 1847 1179 1904 et
1203 1842 1298 1934 lapsi,
1322 1841 1370 1904 id'.
1394 1843 1398 1860 '

406 1927 472 1990 D'ei
498 1926 669 1992 decretum
691 1928 732 1991 de
758 1925 922 1990 salvandis
939 1925 1124 1990 dominibus
1151 1927 1251 1990 variis
1270 1925 1366 1990 in'S.

405 2012 582 2096 Scriptura*
591 2013 761 2098 phrasibus
778 2015 984 2100 proponitur,
1009 2013 1078 2076 191.
1129 2007 1215 2075 Vide
1235 2011 1368 2076 Eientio

405 2105 439 2160 et
456 2095 658 2180 R'eprobatio

360 2183 550 2248 Dercensus
561 2183 690 2260 'christi
706 2183 753 2246 a'd
765 2183 886 2247 inferos
902 2181 1207 2268 qui'int'eliigendtta
1385 2183 1453 2249 249

358 2264 569 2328 Desiderium
587 2267 651 2328 Dei
810 2280 849 2330 ·...
1405 2271 1447 2336 71

357 2351 463 2427 Deus,
478 2349 570 2434 quod
580 2351 634 2426 sit,
649 2367 707 2412 sex
722 2351 775 2413 vel
786 2346 911 2434 septeni
927 2355 1132 2436 argumentis
1149 2353 1313 2438 prob'atnr,
1333 2355 1360 2418 1.
1429 2427 1433 2440 .

398 2443 450 2500 est
465 2441 596 2499 tautum
614 2452 699 2498 unns
714 2441 748 2498 et
764 2439 893 2511 unicus·
907 2455 1006 2522 quam
1027 2439 1090 2504 Dei
1104 2443 1262 2504 unitatem
1272 2439 1358 2503 utn-

399 2522 551 2586 nioorum
578 2521 687 2604 plures
712 2527 1062 2606 agnovere,''quamris
1088 2543 1203 2588 eorum
1229 2525 1364 2609 plurimi

401 2609 525 2672 multon
541 2613 728 2670 statuerunt
749 2607 840 2672 Deos
855 2610 951 2692 oujur
972 2609 1166 2674 idololotria
1187 2629 1295 2675 cansa
1315 2616 1366 2675 in·

398 2695 616 2774 vestigantur.
639 2693 691 2754 65.
725 2691 828 2756 Vario
845 2693 1074 2758 D'ei'Nomina
1088 2703 1215 2772 notata,
1237 2698 1289 2760 67.
1314 2705 1365 2762 eat

399 2776 494 2840 Deus
520 2775 588 2839 Eos
605 2775 894 2854 Perfectissimum‚
916 2783 971 2844 60.
1000 2783 1189 2863 spirituale,
1211 2786 1364 2866 quumvis

397 2859 548 2924 humano
564 2873 655 2926 more
679 2863 823 2928 humana
841 2864 916 2928 Deo
932 2865 1120 2932 tribuantur
1137 2869 1296 2944 membra,
1318 2870 1362 2934 id.

397 2955 447 3012 art
464 2945 558 3012 Deus
574 2947 755 3024 invisibilis,
777 2964 980 3034 quamquam
997 2954 1164 3017 multoties
1186 2953 1277 3018 visus'
1292 2953 1362 3018 esse
1424 2946 1428 2962 '

398 3031 539 3109 dicatur,
563 3035 613 3096 62.
661 3033 725 3097 Dei
742 3037 810 3098 vita
825 3037 1002 3118 explicata,
1023 3039 1075 3104 08.
1107 3047 1144 3103 ut
1160 3049 1194 3103 et
1209 3041 1282 3123 ejus
1300 3041 1361 3104 Be·

396 3119 508 3192 ntitas,
532 3119 574 3181 16.
599 3121 850 3196 Omnisoieutia,
874 3123 927 3186 61.
951 3133 1080 3187 summa
1102 3125 1283 3207 snpientia,
1305 3129 1358 3189 67.

399 3203 661 3286 omnipotentio,
674 3205 726 3268 78.
743 3225 783 3271 ao
795 3208 1080 3292 O'mniprresentia.
1095 3213 1225 3274 coinon
1242 3231 1358 3296 repug·
1482 3245 1483 3255 κ

394 3303 453 3351 nat
495 3287 559 3352 uod
577 3290 756 3354 ascendere
771 3297 804 3356 et
821 3292 1019 3358 descendere
1035 3295 1177 3370 dicatur,
1200 3299 1252 3361 79.
1292 3295 1359 3360 Ex·

395 3375 464 3436 istit
517 3393 575 3438 eus
592 3381 786 3454 necessario,
810 3379 862 3442 81.
885 3385 986 3463 atque
1002 3383 1048 3443 sie.
1064 3391 1206 3444 [eternus
1221 3393 1282 3456 est,
1304 3383 1357 3446 82.
1481 3399 1482 3405 ’

395 3459 463 3523 Sim
492 3461 672 3540 licissimus,
688 3463 739 3526 88.
765 3463 994 3540 immutamus,
1012 3467 1063 3528 85.
1086 3485 1126 3532 aa
1142 3467 1298 3542 infinitus,
1314 3469 1357 3530 r'ir.
1480 3517 1481 3522 1

396 3543 450 3610 De
502 3550 530 3607 ei
548 3547 685 3624 Amore,
701 3546 868 3626 Bonitate,
885 3549 1097 3633 cognitione,
1113 3551 1241 3630 Gratid,
1253 3555 1356 3618 Justi·
1479 3545 1481 3596 J

394 3629 452 3707 111,
483 3630 582 3708 Odio,
611 3631 860 3714 Omninoientii‚
888 3635 1044 3715 Scientid,
1071 3635 1268 3716 Voluntate,
1293 3643 1353 3704 dio.
1479 3649 1480 3702 i

394 3719 561 3780 urdeeur'o
580 3719 672 3783 loon.
1063 3737 1067 3744 ·

351 3801 446 3866 Deus
472 3801 571 3864 Pater
590 3807 622 3865 in
646 3805 679 3866 8.
697 3803 729 3868 S.
757 3803 920 3870 'trinitate
943 3811 1134 3873 nominatur
1153 3814 1289 3894 primus,
1315 3827 1358 3873 ao
1478 3799 1479 3855 1

391 3881 521 3970 quare?
543 3889 594 3952 90.
617 3891 716 3954 estin
742 3911 842 3975 opere
857 3895 972 3956 solutis
998 3913 1146 3960 summus
1168 3899 1288 3980 judex,
1309 3895 1351 3958 16.
1477 3919 1478 4003 p

392 3975 608 4057 quarePater
623 3975 736 4040 audiat
1395 3981 1432 4044 90
1476 4035 1477 4038 ,

351 4057 568 4124 DeusFiiins.
583 4063 644 4125 vid
672 4061 786 4126 Filius.
811 4063 927 4126 Deitas
944 4061 1017 4128 Fitii
1035 4059 1218 4152 probatur·
1395 4067 1430 4130 91

349 4143 442 4210 Deus
457 4145 598 4229 Spiritus
614 4147 646 4212 S.
666 4151 734 4214 uid.
751 4148 892 4232 Spiritus
907 4153 941 4214 S.
967 4149 1050 4234 Ejus
1067 4153 1183 4217 Deitas
1195 4153 1353 4238 probatur
1396 4141 1432 4216 π

348 4225 511 4332 Diabolus
537 4235 685 4296 homines
711 4233 752 4297 ad
770 4247 943 4318 peceatum
971 4243 1089 4313 tentat,
1116 4241 1183 4304 186.
1211 4239 1290 4302 Non
1306 4245 1354 4301 est
1474 4181 1476 4304 i

388 4333 450 4396 rpu
477 4325 623 4398 potestas
650 4321 788 4398 infinita,
813 4321 869 4386 id:
890 4323 1004 4388 futoro
1031 4329 1262 4410 contingentia
1290 4343 1352 4389 non
1420 4329 1425 4346 '
