3000 4998
72 477 142 562 top,
155 475 221 564 26.)
450 489 498 542 an
520 491 738 562 meorumnam.
1070 485 1135 548 its

435 673 590 740 CAPUT
612 673 743 740 XXVI.

76 847 113 904 An
126 847 181 905 lae
192 847 312 916 moralia
332 849 448 924 politico
460 856 488 906 ct
501 851 705 915 ccccmoaistir,
717 848 817 906 ‚locam
830 848 928 908 dobere
940 849 1033 906 debera
1045 852 1124 927 npad

134 929 294 988 Cdrdtimros
302 956 313 1000 ,·
322 985 324 990 ,
334 937 361 986 et
374 947 465 988 muca
479 929 617 1004 obogmoe
628 933 684 988 ciat
695 939 758 1006 pact
772 932 918 990 ademtam
930 929 1052 986 Christi!

98 1087 121 1150 1.
142 1069 448 1160 Aurnouam'buio
463 1089 632 1163 amemini,
654 1094 688 1151 et
704 1087 780 1152 buin
796 1088 879 1152 libro
900 1093 1021 1152 octavo
1035 1086 1133 1152 tinem

61 1172 263 1254 imponamus,
287 1173 435 1258 quedem
452 1173 652 1236 resolvendus
666 1183 743 1236 sunt
758 1177 964 1256 questiones.
1009 1173 1134 1240 Queri-

63 1263 115 1332 tur‚
137 1261 162 1322 i.
184 1263 236 1324 An
253 1260 324 1324 Lem
339 1262 480 1324 moratis
492 1260 656 1343 abrogato
670 1261 717 1322 sit
727 1261 866 1340 penitus
878 1259 938 1324 aab
951 1279 1035 1324 novo
1057 1259 1133 1324 Ten·

61 1345 213 1409 tomento?
257 1345 378 1410 Tribus
395 1345 483 1408 bisce
500 1345 777 1428 propositionibus
793 1345 987 1427 respondeo,
1022 1347 1048 1408 1.
1072 1343 1135 1406 Le·

62 1447 121 1508 gem
138 1449 201 1498 non
217 1431 341 1494 babere
354 1430 497 1512 amplius
507 1450 582 1492 eum
598 1449 693 1494 usum
706 1448 803 1512 quem
822 1429 989 1494 habuisset
999 1432 1032 1492 in
1042 1435 1134 1492 stetu

61 1514 249 1589 innocentie,
276 1515 331 1578 ubi
347 1523 418 1579 erat
434 1515 577 1578 medium
601 1515 785 1579 obtinende
802 1519 934 1590 vitreae·
947 1515 1135 1591 felicitatis3

61 1605 87 1660 et
103 1603 205 1681 quoad
228 1601 523 1684 justificationem
557 1601 616 1664 Ee
640 1602 793 1683 operibus
818 1603 905 1664 enim
927 1603 1015 1686 tegis
1038 1600 1133 1665 nulio

61 1701 125 1746 cnro
132 1687 390 1768 Justificobitur,
415 1686 510 1750 Rom.
528 1688 572 1760 iii.
587 1687 638 1750 20.
660 1695 695 1750 et
714 1691 867 1769 quotquot
880 1693 959 1751 sunt
972 1688 1033 1750 sub
1049 1695 1134 1768 tege,

59 1779 125 1834 auat
146 1775 204 1836 sub
229 1775 475 1848 mnicdictionc,
506 1771 583 1836 Gal.
599 1774 645 1834 iii.
666 1772 734 1835 12..
757 1773 787 1834 2.
813 1772 942 1835 Fideles
969 1793 1036 1836 non
1062 1791 1133 1834 esse

59 1856 183 1936 amplius
211 1859 275 1925 eetb
299 1860 527 1922 maledictione
552 1860 650 1940 tegis,
683 1857 792 1934 Galat.
811 1860 855 1920 iii.
878 1859 923 1920 13.
970 1857 1135 1932 cicutas,

58 1944 143 2018 euin,
162 1964 223 2008 noe
243 1945 393 2018 redemit,
413 1944 681 2006 dmoicdictiooe
703 1945 803 2025 tegis,
812 1944 934 2024 facicm
954 1963 1020 2024 pro
1042 1943 1136 2006 nobie

57 2035 221 2095 mcmntw.
268 2033 309 2103 3.Ι
325 2028 446 2111 Legem
475 2047 551 2091 non
566 2030 759 2112 abrogatam
787 2037 895 2092 tamen
927 2047 999 2092 esse
1025 2026 1134 2110 quood

58 2109 269 2190 directionem,
292 2133 419 2196 semper
434 2117 522 2178 enim
540 2114 654 2196 regule
675 2120 725 2176 est
741 2132 868 2176 morum
885 2114 1133 2196 pertectissima,

56 2195 151 2280 imago
179 2201 245 2264 Dei
262 2200 497 2282 limpidissima,
520 2219 603 2262 verm
620 2201 750 2263 virtutis
769 2201 858 2276 icon,
879 2203 1014 2262 interne
1027 2209 1062 2262 et
1074 2215 1135 2270 ex·

57 2287 143 2346 teruae
157 2287 332 2368 probitatis
345 2285 535 2363 delineatio,
558 2292 592 2348 et
606 2285 649 2348 ad
665 2305 738 2348 eam
754 2285 992 2349 observandam
1009 2285 1135 2366 obliga·

55 2385 125 2432 mur.
172 2373 301 2436 Rursus
311 2372 466 2454 sroenum
480 2379 541 2446 est,
562 2392 633 2453 quo·
646 2369 962 2452 aliqnand'o'efferati
978 2372 1137 2434 cobiben-

56 2457 101 2515 tur
121 2457 281 2533 affectum
312 2467 481 2537 specuium
507 2458 541 2518 im
568 2475 636 2537 qno
662 2467 807 2518 nostram
834 2457 1074 2536 impotentiam,
1100 2462 1135 2516 et

54 2546 171 2606 nostros
197 2561 309 2606 nmros
335 2545 515 2616 cernimus,
533 2545 568 2602 et
593 2540 711 2602 muntia
730 2547 781 2602 est
797 2539 881 2618 justi
898 2539 1017 2621 judicii
1032 2539 1138 2602 divini

53 2623 418 2706 adversuspeccatores.

84 2711 129 2775 11.
157 2711 326 2774 Probatur
351 2719 545 2775 autemnon
561 2729 631 2774 esse
651 2709 844 2792 abrogatam
860 2709 966 2794 quoad
982 2711 1137 2776 directio·

51 2811 134 2872 nem;
162 2798 192 2860 i.
212 2794 301 2862 Quia
313 2796 464 2860 Christus
475 2805 510 2858 et
519 2796 660 2879 apostoli
671 2797 774 2878 legem
786 2797 875 2862 iliam
889 2798 1138 2874 commendant,

48 2887 74 2944 ct
81 2881 128 2944 ab
143 2883 311 2960 omnibus,
320 2883 568 2956 observandam.
593 2881 704 2958 Mattb
725 2885 804 2944 xxii.
819 2886 872 2958 36,
886 2886 937 2948 87.
962 2893 995 2947 et
1013 2885 1153 2948 Paulus¹

49 2965 140 3031 Rom.
157 2967 235 3030 xiii.
252 2969 283 3041 8,
299 2971 329 3032 9.
351 2968 410 3042 ait,
432 2969 519 3030 mittit
539 2967 690 3047 cuipiam
703 2968 810 3028 debete
830 2971 903 3030 nisi
917 2976 954 3030 at
967 2989 1027 3032 vos
1048 2972 1137 3034 invi-

51 3071 107 3119 cem
122 3054 304 3137 diligatis,
326 3053 385 3132 qui
399 3053 487 3114 anim
501 3051 619 3133 diligit
631 3053 835 3132 proximum,
856 3057 960 3134 tegam
975 3057 1136 3134 imptevit.

51 3137 75 3200 2·
100 3141 193 3208 Quia
223 3140 348 3222 ubsque
379 3136 473 3199 bonis
500 3133 653 3216 operibus
683 3134 807 3197 nullam
837 3137 976 3200 salutem
1006 3156 1143 3217 sperare

53 3241 243 3368 ppssumum
268 3227 342 3308 eine
355 3218 623 3301 sanctificatione
636 3239 727 3284 necno
748 3226 858 3302 potem
880 3221 992 3286 videro
1004 3221 1139 3304 sociem

81 3313 121 3386 ci,
145 3308 235 3374 Heb.
251 3311 309 3372 xii.
325 3309 374 3372 14.

87 3395 148 3458 111.
174 3395 343 3477 Equidem
372 3391 525 3456 Christus
549 3411 610 3468 nos
636 3392 734 3456 solvit
756 3393 777 3456 d
796 3393 882 3476 jugo
898 3387 1139 3460 maledictionis

51 3473 134 3558 legis,
150 3481 211 3544 sed
230 3500 295 3558 non
311 3482 331 3544 d
346 3481 540 3544 necessitate
557 3479 631 3542 Deo
643 3479 817 3562 prestandi
828 3481 1033 3562 obsequium,
1049 3481 1140 3562 quod

51 3571 95 3626 est
107 3573 273 3632 creature
287 3564 562 3648 indispensabiie;
595 3566 661 3628 imd
680 3565 817 3630 liberati
839 3569 861 3628 d
879 3573 1027 3648 peccato,
1047 3569 1141 3631 sarni

52 3667 159 3716 aumas
178 3654 346 3736 jmcitiae,
378 3649 474 3714 Rom.
492 3653 535 3712 vi.
551 3649 582 3713 8.
627 3651 661 3711 Si
687 3669 754 3714 nou
780 3671 892 3714 sumus
916 3652 1140 3736 ampiidssub

51 3733 128 3816 lege,
152 3747 191 3802 ut
208 3735 426 3817 subfundere,
447 3735 490 3800 ad
514 3737 616 3798 vitam
638 3735 906 3818 comparandam,
930 3745 1027 3820 prout
1048 3739 1141 3802 Adn-

50 3839 127 3898 mae,
150 3825 206 3886 rei
237 3823 358 3892 utaub
377 3823 581 3906 poedngogc,
608 3825 645 3884 ut
669 3821 845 3900 lsrnaiitm;
877 3841 990 3886 sumus
1015 3825 1077 3886 sub
1099 3839 1141 3887 ea

50 3909 167 3984 tamen,
191 3915 232 3972 nt
247 3909 322 3969 vite
340 3907 577 3990 perfectissima
591 3923 717 3982 norma,
728 3908 830 3989 juxta
843 3925 940 3990 quam
956 3929 1064 3972 mores
1079 3913 1140 3976 rite

51 3988 207 4058 debemus
224 3994 405 4056 instituere.

88 4077 135 4140 iv
174 4079 253 4142 Neo
282 4077 326 4140 ab
355 4077 425 4158 ejus
455 4075 684 4138 observatione
714 4075 878 4142 deterrere
907 4059 1017 4156 debet,
1050 4084 1139 4168 quod

49 4159 165 4228 dieitur
177 4183 306 4246 augere
317 4165 503 4244 peccatum,
519 4178 597 4224 nam
612 4159 694 4223 iliud
707 4161 744 4224 tit
759 4165 886 4226 tentum
898 4183 961 4246 per
971 4169 1140 4250 accidens,

46 4259 178 4330 propter
195 4254 444 4332 corruptionem
463 4245 603 4310 bominis
618 4248 675 4329 qui
690 4249 724 4310 in
741 4248 880 4314 vetitum
899 4251 1014 4329 fertur,
1035 4259 1137 4322 instar

49 4339 116 4414 equi
133 4337 299 4402 sternacis
314 4337 515 4398 insessorem
532 4335 689 4416 somogia
704 4333 901 4417 ferocientis,
916 4357 981 4420 quo
997 4346 1141 4408 arctiore
