3000 4998
330 391 397 482 ²42.
652 401 856 456 rnnononrs
877 401 1102 459 cnatsrssns.
1203 385 1295 475 [trs.
1318 383 1422 454 Viti.

331 565 422 626 tione
434 560 598 628 liberaret.
621 560 733 626 Galat.
749 563 791 624 ir.
805 560 836 622 5.
880 559 1015 626 Nomen
1023 565 1136 626 autom
1147 559 1232 632 loru
1240 562 1273 624 in
1283 561 1425 624 circum·

332 651 455 712 cisione
470 649 501 710 ei
513 645 554 712 de
565 665 661 710 'more
676 649 879 730 impositum,
894 647 1009 712 salutis
1020 667 1078 731 per
1092 651 1200 731 ipsum
1215 646 1313 710 nohis
1324 653 1427 728 parte

333 754 394 798 nos
409 733 579 810 admonet,
600 729 709 816 quiin
726 751 761 794 re
777 731 860 794 duos
875 735 1014 796 eximios
1032 742 1132 818 typos
1145 731 1261 798 habuit
1275 729 1427 813 ejusdem
1487 777 1488 782 η

333 821 488 893 nominis,
510 815 650 882 Josuum
660 815 781 882 ducein
797 815 1025 894 israeliticum,
1039 821 1141 900 quiin
1155 823 1276 882 terram
1289 815 1428 899 promis·

333 923 405 968 sam
422 901 586 984 israelitas
600 904 796 978 introduxit,
817 908 850 972 et
868 901 1085 968 lehoschuom
1097 922 1261 968 summanr
1273 901 1430 966 sacerdo·

334 983 414 1052 iem.
459 987 561 1072 Apud
585 991 672 1072 ipsos
688 989 824 1053 Grecos
838 993 873 1052 et
891 987 1063 1054 Romanos
1086 989 1236 1052 nonnulli
1261 987 1430 1069 principes

229 1079 231 1084 ’
335 1071 417 1147 dicti
438 1087 514 1138 sunt
527 1075 641 1160 serigo,
663 1079 700 1136 ut
716 1071 890 1150 Hercules,
912 1073 1055 1152 Quintus
1069 1073 1260 1150 Flaminius,
1281 1071 1429 1154 siliqua

337 1165 378 1222 ut
404 1167 496 1243 patet
521 1180 564 1224 ex
585 1161 728 1222 nummis
750 1165 911 1222 veterum.
958 1155 1084 1222 Notata
1101 1159 1238 1242 dignum
1253 1165 1315 1234 est,
1338 1153 1428 1240 qnod

337 1243 449 1310 Rabbi
481 1244 666 1322 Hahkados
691 1247 725 1306 in
752 1243 826 1307 Lib.
853 1243 939 1310 Gale
964 1244 1086 1311 Rasaia
1111 1244 1233 1310 dixisse
1261 1251 1429 1308 narretur.

304 1385 308 1395 ,
341 1329 434 1403 Quin
448 1329 922 1404 Messioriomincssalvoiit,
945 1331 1119 1394 vocabitur
1137 1329 1295 1406 ieschua,
1314 1333 1430 1411 gemes
1469 1397 1472 1406 ,

339 1421 450 1480 autem
466 1418 608 1482 aumas
618 1417 784 1490 calionis,
802 1413 990 1497 purcfidesn
1000 1419 1073 1498 ejus
1086 1415 1310 1486 sociabuntur,
1330 1431 1430 1478 oocu-

339 1501 420 1564 dunt
439 1521 512 1564 mem
526 1501 635 1576 iesus,
655 1503 687 1563 cl
697 1505 876 1582 propterca
900 1501 1050 1564 inuenies
1063 1499 1123 1564 too
1143 1519 1259 1564 nomm
1280 1499 1361 1564 iesu
1374 1497 1432 1562 de·

340 1587 526 1673 signatum.
550 1587 628 1652 Gen
643 1585 725 1650 xlix.
744 1585 792 1648 10.
814 1587 848 1648 si
861 1587 949 1650 enim
971 1588 1140 1668 occeperis
1152 1591 1288 1668 primus
1312 1587 1432 1669 literne

341 1671 535 1756 dictionum,
557 1675 650 1754 (qum
665 1673 699 1734 in
715 1690 760 1749 eo¹
771 1671 935 1736 versiculo
956 1673 1058 1752 sunt)¹
1077 1689 1192 1736 nomen
1207 1669 1290 1738 Jcart
1310 1670 1431 1734 eredens

342 1753 444 1820 literne
460 1753 647 1821 conficient.

388 1841 491 1906 Nihil
509 1839 649 1906 dicimus
672 1839 715 1906 dc
739 1839 862 1906 Christi
883 1841 1057 1925 intemplo
1073 1841 1251 1919 oblatione,
1273 1841 1434 1906 Simeonis

343 1929 514 2010 amplexu,
551 1949 583 1992 m
628 1943 722 1990 orum
746 1925 905 2004 adventu,
932 1925 1137 2005 adoratione,
1170 1929 1375 2002 muneribus,
1399 1929 1431 1988 in
1489 1921 1490 1930 ’

347 2013 538 2098 AEgyptum
551 2013 607 2094 ing
640 2012 778 2088 etaliis3
799 2013 858 2076 sed
871 2014 1025 2087 sccundd,
1046 2014 1258 2078 observamus
1268 2015 1428 2076 actionem

347 2097 473 2160 Christi
488 2097 712 2178 duodecennis
726 2095 914 2162 sedentiein
929 2098 1066 2182 templo,
1075 2118 1142 2162 non
1158 2097 1293 2182 quidem
1309 2101 1342 2162 in
1356 2095 1432 2160 doc·

345 2191 455 2245 torum
481 2177 651 2258 cathedri,
672 2201 735 2244 nec
759 2184 793 2244 in
818 2181 1061 2266 discipulorum.
1083 2184 1209 2260 ordine,
1239 2187 1298 2268 qui
1323 2201 1431 2247 coram

345 2285 379 2331 m
425 2268 511 2329 istris
520 2267 662 2342 stabant,
677 2265 736 2330 scd
744 2265 951 2332 audientium
963 2270 996 2330 iu
1008 2268 1174 2347 subsellio,
1190 2269 1433 2344 Lucilium.

423 2351 740 2428 mio„0asemndo
751 2357 802 2415 est
817 2355 886 2416 rita
896 2351 987 2436 apud
1007 2361 1161 2435 parentes
1176 2363 1347 2420 transacta
1359 2372 1435 2418 cnm

344 2435 531 2502 reverentii
558 2444 592 2501 et
616 2437 833 2520 subjectione,
855 2458 928 2522 qum
950 2442 1197 2507 exinanitionis
1212 2461 1279 2506 non
1301 2441 1436 2504 minima
1490 2505 1491 2512 χ

345 2525 411 2588 tuit
426 2539 512 2606 pars.
555 2521 610 2586 An
636 2524 670 2587 in
695 2541 795 2606 opere
810 2526 981 2586 manuario
1003 2529 1250 2602 seexcrcuerit,
1271 2533 1306 2590 et
1316 2523 1433 2589 eodem
1490 2517 1491 2560 ³

347 2629 424 2674 cum
449 2609 603 2692 Joscpho,
633 2615 672 2672 ut
698 2610 845 2686 lustina,
873 2607 1019 2686 Basilio,
1045 2611 1278 2696 Chrysostmno,
1297 2611 1435 2692 aliisque
1490 2615 1491 2618 ’

348 2693 524 2769 creditum,
541 2693 694 2759 dubitare
711 2694 799 2770 iicet,
814 2693 1010 2762 rednutlum
1026 2703 1076 2759 est
1090 2695 1227 2760 dubium
1240 2699 1316 2781 quin
1331 2703 1436 2758 trans·

346 2785 459 2840 actum
473 2780 571 2840 iuerit
586 2777 668 2840 illud
680 2783 907 2861 ternpusinter
922 2779 1152 2846 meditationes
1166 2801 1286 2860 meras,
1306 2789 1340 2844 et
1354 2799 1437 2864 prta·

346 2863 441 2926 ludio
453 2862 702 2926 administrandi
719 2867 872 2928 muneris.

396 2947 531 3024 Qucrid,
553 2948 776 3012 observandus
791 2957 841 3014 est
857 2951 1038 3034 baptismus
1062 2953 1198 3030 Christi,
1217 2957 1278 3038 qui
1302 2971 1438 3018 exorsus

351 3040 415 3096 est
429 3035 644 3098 ministerium
661 3053 768 3112 suum,
789 3054 894 3100 annos
909 3043 999 3120 quasi
1016 3043 1151 3122 triginta
1174 3051 1283 3116 natus,
1306 3042 1362 3122 qui
1382 3056 1439 3101 au·

351 3138 412 3182 nus
428 3119 492 3182 suit
505 3121 684 3202 ipsissimus
699 3123 881 3186 ministerii
901 3126 1123 3190 sacmdoioiie
1133 3125 1166 3188 N
1171 3146 1238 3190 uro.
1254 3129 1297 3188 ir.
1312 3127 1368 3188 4⁷.
1383 3122 1437 3186 ad·

351 3205 433 3268 moti
450 3203 587 3288 Joscpiii
600 3204 643 3268 ad
660 3207 887 3290 proiecturam
900 3207 986 3274 Gen.
998 3211 1056 3274 xli.
1071 3213 1123 3276 ts.
1147 3209 1300 3280 Dauidis
1311 3209 1356 3274 ad
1372 3229 1442 3290 reg·

352 3307 433 3354 num
449 3291 469 3352 2
489 3291 576 3354 Sam.
586 3303 624 3354 ·v.
639 3293 671 3353 4.
716 3291 907 3374 Baptizatus
928 3295 992 3358 tuit
1006 3298 1026 3357 d
1040 3295 1195 3372 iohanne
1211 3297 1363 3380 Baptista
1379 3293 1442 3356 Zo-

353 3373 473 3436 charim
487 3383 522 3456 et
538 3375 739 3440 Elisabethre
755 3377 833 3452 tilio,
856 3377 973 3464 dequo
990 3377 1175 3447 Malachias
1190 3383 1443 3448 locutus-inerat

351 3461 416 3522 suh
442 3463 573 3524 nomine
597 3461 688 3524 Elim.
734 3461 900 3544 Baptiaari
925 3471 1035 3530 autem
1050 3467 1093 3530 ab
1115 3488 1156 3532 eo
1180 3469 1298 3542 voluit,
1345 3469 1373 3532 i.
1398 3465 1444 3530 Ut

352 3543 549 3628 adimpleret
560 3566 690 3610 omnem
703 3549 879 3628 justitiam,
894 3557 974 3614 etse
994 3552 1146 3616 omnihus
1161 3555 1350 3618 ministeriis
1365 3553 1445 3614 suh·

349 3631 479 3712 jiceret.
532 3631 563 3694 2.
594 3631 640 3694 Ut
666 3635 881 3698 ministerium
908 3635 1070 3702 iohannis
1092 3639 1302 3704 confirmaret
1328 3644 1366 3702 et
1387 3633 1444 3700 sui

352 3718 553 3780 auctoritate
570 3717 770 3800 obsignaret.
813 3722 845 3784 ³.
863 3719 909 3784 Ut
920 3729 987 3786 tarn
1004 3731 1151 3788 veterum
1168 3743 1265 3808 quam
1279 3741 1444 3786 novorum

353 3807 634 3866 sacramentorum
656 3807 720 3868 vim
746 3811 781 3867 et
806 3807 1099 3874 sonctitcntiooen
1122 3813 1276 3874 dseuno
1300 3808 1444 3892 pendere

354 3885 510 3962 doceret3
532 3895 566 3952 et
582 3897 619 3950 ut
632 3890 695 3954 hoc
705 3899 947 3956 sacramentum
959 3913 1036 3958 curn
1052 3895 1180 3960 summi
1192 3893 1377 3960 reverentii
1391 3912 1446 3956 ex·

353 3973 519 4055 ciperetur
534 3975 554 4036 d
571 3973 768 4040 Christianis
790 3975 833 4040 ad
854 3979 1040 4061 exemplum
1057 3980 1251 4044 Servatoris.
1296 3981 1335 4044 ln
1358 3979 1431 4060 Bap

353 4059 451 4120 tismo
476 4060 533 4122 illo
551 4059 674 4124 Christi
691 4081 772 4126 voce
786 4065 891 4144 patris
907 4061 1032 4138 auditi,
1054 4067 1144 4130 omlis
1163 4068 1301 4150 apertis,
1319 4066 1444 4148 Spiritu

353 4141 477 4205 Sancto
492 4145 554 4208 sub
574 4149 684 4230 specie
709 4149 865 4212 columbas
879 4159 1071 4234 conspecto,
1093 4171 1133 4214 ac
1159 4172 1257 4236 super
1273 4151 1443 4214 Christum

349 4226 595 4377 ailesclerpdgptot
606 4219 800 4302 solemniter
813 4233 965 4304 Christus
979 4235 1029 4308 ad,
1043 4233 1240 4304 Mediatoris
1256 4255 1376 4304 munus
1396 4237 1443 4296 in-

396 4331 416 4392 g
546 4334 579 4377 es
599 4363 606 4380 .
