2994 4996
38 485 173 576 doni]
436 502 483 556 ns
504 501 686 556 nncsnurs.
790 545 798 559 .
1044 463 1104 558 ror

62 661 104 724 bus
115 659 240 725 decretis
254 656 336 724 ordo
349 656 467 746 siquis
490 665 669 738 statuatur,
691 664 730 723 ut
746 657 792 723 sio
807 657 1013 726 imbecilitnti
1034 681 1109 726 nos·

64 753 103 808 tre
114 751 320 822 succurratur,
342 749 376 808 et
391 745 521 810 tooiliris
536 763 588 810 res
603 746 842 829 concipiemus.

91 831 125 894 Π.
145 829 218 895 Non
233 849 298 894 uus
311 837 425 895 nutem
440 831 672 915 theologorum
688 849 787 914 super
803 829 866 894 hoc
881 849 916 893 re
931 834 1110 913 senteuti1t3

65 935 147 978 onnes
160 935 322 982 recensere
332 917 462 980 suimus
475 935 541 980 non
553 922 620 993 eet,
635 917 769 982 unicorn
780 915 951 980 efferemus
970 919 1111 996 tuntum,

66 1019 117 1082 qne
125 1008 236 1066 censet.
283 1003 309 1067 1.
333 1001 444 1066 Deum
454 999 639 1066 decrevisse
651 1001 794 1065 condere
806 999 979 1078 rnuudom,
994 1008 1028 1065 et
1042 1021 1112 1067 cre·

66 1103 103 1147 ure
115 1086 282 1166 hominem
302 1087 386 1151 nihil
394 1088 482 1152 enirn
494 1105 613 1171 cepere
622 1105 795 1170 possumus
807 1086 990 1152 decrevisse
1000 1088 1113 1154 Deum

66 1171 672 1257 droehourinem,untequsndecreuerit
680 1191 755 1236 curn
768 1171 923 1248 condere,
934 1178 968 1236 et
980 1173 1045 1236 hoc
1053 1175 1111 1237 cti·

65 1272 101 1318 uu
116 1259 241 1339 prinum
256 1263 418 1324 executus
429 1265 480 1323 cst
493 1259 529 1322 in
544 1263 703 1342 tempore.
746 1257 784 1337 2.ι
801 1255 912 1322 Deum
929 1257 1112 1348 decrevisse

66 1343 295 1428 permittereejus
305 1344 444 1428 lapsum,
454 1345 592 1430 ejusque
623 1341 1112 1428 occutumudposterosprops·

66 1429 121 1506 gui,
133 1435 161 1492 et
171 1428 385 1494 hocsecundo
401 1431 553 1512 contigit.
596 1365 627 1494 ξ.
644 1429 752 1492 Deum
764 1427 1029 1492 decrevisscnou
1042 1448 1112 1495 cnr·

67 1527 105 1573 nes
112 1512 229 1596 perdere
240 1513 401 1592 homines,
416 1517 477 1578 etsi
487 1519 626 1592 mortem
638 1532 750 1578 omnes
761 1515 868 1576 meriti
877 1513 1017 1589 sint,sed
1029 1533 1112 1596 quo·

66 1597 169 1662 rundsn
181 1601 336 1676 misereri,
351 1602 480 1684 scipsis
490 1599 630 1664 suiuus:
642 1599 830 1663 destinasse.
863 1602 895 1661 4.
913 1599 1023 1662 Deum
1034 1618 1112 1664 oum
1132 1641 1143 1658 .

67 1699 106 1760 per
114 1686 359 1770 suenjustitieur
372 1705 439 1750 non
449 1686 563 1749 liceret
575 1682 762 1748 hominibus
771 1684 910 1748 sulutem
920 1683 1032 1765 largiri
1043 1688 1113 1750 sinc

66 1767 261 1847 diiunctione,
284 1770 466 1836 decrevisse
490 1771 621 1836 mittere
637 1769 771 1846 Filium,
793 1771 851 1851 qui
867 1775 973 1832 morte
988 1786 1049 1831 suo
1063 1787 1130 1854 sug

67 1851 193 1919 isisoeret
203 1857 341 1938 justitie
353 1856 429 1933 Dei,
444 1861 478 1921 et
489 1857 591 1920 vitum
603 1860 759 1918 ueternum
770 1859 919 1917 mereret.
952 1855 983 1935 6,
1001 1854 1113 1920 Deum

67 1937 118 2000 cin
130 1940 220 2022 probe
229 1947 343 2006 nosset
350 1939 608 2006 satisfactionem
622 1939 746 2002 Christi
761 1939 884 2004 nemini
895 1939 1115 2020 profuturum,

66 2023 266 2110 nidreceptsru
282 2031 317 2090 et
331 2029 512 2110 cognitum,
533 2027 798 2090 decrevisseeuur
814 2023 960 2087 rerelsre
976 2024 1115 2092 homiui·

66 2103 440 2194 breperprodioetionem
451 2112 625 2194 evangelii,
645 2128 705 2194 per
716 2127 814 2210 quum
825 2109 885 2172 sibi
896 2115 1116 2200 congregaret

64 2193 221 2272 colesium
241 2201 279 2260 et
301 2194 381 2258 dore
404 2193 573 2278 Spiritum,
595 2199 653 2280 qui
668 2195 766 2264 fidem
780 2196 991 2278 ingenersret
1005 2201 1039 2260 et
1053 2215 1115 2267 nos

64 2279 255 2344 unctidourct.
301 2279 332 2344 6.
356 2279 466 2342 Deum
489 2277 778 2358 decrevisse‘illos,
800 2279 918 2364 quibus
936 2279 1115 2347 destineris

65 2362 181 2441 utitem,
195 2365 317 2450 quibus
333 2363 486 2429 Christus
499 2367 676 2450 acquisivit
690 2385 749 2450 per
764 2367 918 2432 meritum
933 2369 1060 2444 mortis,
1081 2371 1116 2434 et

63 2449 261 2602 {rosadtsirigus
285 2451 426 2600 Sternetur
447 2449 677 2528 sanctificarit,
697 2447 821 2516 eterni
830 2446 938 2534 glorie
949 2451 1059 2530 boore,
1080 2456 1116 2518 et

78 2551 107 2598 oc
158 2555 199 2602 nn
233 2556 301 2602 con
318 2555 349 2600 1n
374 2555 418 2600 e.

90 2617 141 2684 lii.
161 2621 260 2688 Hunc
276 2556 426 2686 ordiffem
440 2619 597 2707 deinceps
616 2637 802 2704 sequemur,
824 2625 859 2686 et
869 2620 971 2704 juxto
984 2639 1062 2686 cnm
1077 2624 1117 2688 ut

64 2699 165 2772 decreto
179 2705 379 2793 respondent
403 2708 568 2785 executio,
589 2708 707 2792 primd,
726 2723 862 2794 agemus
883 2705 925 2770 de
948 2709 1117 2775 creatione

63 2791 159 2870 nundi,
178 2799 415 2870 creaturarum,
444 2793 649 2876 augelorum,
670 2799 705 2857 et
730 2793 883 2868 hominu,
904 2789 947 2858 de
972 2813 1117 2878 quornru

64 2871 132 2957 lapsu
144 2881 239 2946 etiem
254 2879 425 2958 dicemus;
449 2885 566 2963 posteo
579 2879 622 2944 od
638 2877 807 2944 decretum
822 2877 864 2942 de
880 2875 1045 2944 mirandis
1059 2879 1120 2946 iro·

62 2963 172 3029 niuibus
189 2965 414 3043 deveniemus,
434 2982 475 3030 oo
490 2965 532 3030 de
546 2964 673 3040 mediis,
693 2984 751 3047 per
766 2983 839 3048 quie
856 2963 948 3038 Deus
959 2963 1043 3032 illud
1057 2983 1114 3030 ex·

62 3053 217 3132 ontusest.
236 3051 352 3134 sabe,
371 3054 399 3119 si
414 3049 490 3118 Deo
504 3050 616 3136 placet
629 3049 800 3116 iscicmus.
