3000 4998
344 403 403 467 1¹16
655 411 858 468 ruscuoera
878 411 1103 466 caruerant.
1251 399 1338 488 [tib.
1355 401 1415 468 vl.

340 569 520 655 Iosephus}
532 589 571 638 sn
585 569 784 657 AEgpptusrs,
804 567 973 638 cenato
990 570 1021 634 ¹1.
1068 569 1132 634 σοι
1145 571 1240 654 regis
1252 570 1369 636 indere
1383 577 1419 638 in

337 677 439 724 mosa
461 659 536 734 sud,
557 659 588 725 ct
613 659 776 722 s'stcts'nme
799 675 986 738 punctusque
1006 657 1159 731 voluerit
1190 657 1288 720 Pros.
1304 663 1374 722 ui.
1394 663 1420 722 l.

344 743 405 809 Uti
427 743 580 826 improbis
604 747 763 824 tunquam
786 743 910 816 securi,
937 742 1044 818 serrd,
1072 741 1185 824 virgi,
1205 741 1333 820 bocum,
1360 746 1419 828 tic.

338 831 381 894 ls.
397 849 431 896 x.
450 831 498 892 lb.
515 835 549 891 et
563 829 633 892 xiii.
649 829 679 892 8.
723 826 803 895 Qum
818 829 1040 890 instrumento
1051 846 1118 890 nou
1134 837 1313 908 operantur
1328 849 1420 894 exse

334 917 424 998 ipsis,
446 916 507 976 nisi
522 919 740 978 concurrente
755 920 790 976 et
804 930 921 976 manns
936 911 1135 976 admovente
1151 911 1294 978 homine.
1340 915 1422 978 Orn-

336 1018 394 1064 ucs
417 1002 486 1062 istie
512 999 706 1073 locutiones,
727 1001 754 1062 si
780 997 863 1060 nibil
890 996 981 1060 aliud
1008 999 1105 1080 quim
1135 1001 1421 1064 conservationem

335 1085 533 1148 facultatum
548 1084 756 1158 denotarent,
779 1081 902 1166 frigido
918 1081 1097 1146 odmodum
1113 1093 1230 1146 essent.
1259 1087 1306 1148 2.
1332 1085 1422 1148 lllnd

203 1223 213 1232 .
335 1171 422 1234 idem
438 1171 610 1245 evincitur,
631 1187 674 1232 ex
690 1189 730 1232 eo
745 1167 837 1250 quod
851 1177 1009 1232 creaturus
1025 1187 1091 1230 nou
1109 1171 1215 1232 miuus
1229 1167 1422 1251 dependent

335 1255 446 1321 suso
462 1257 499 1319 ist
517 1255 662 1336 operari,
683 1263 721 1320 ut
736 1253 916 1334 loquuntur
938 1251 1136 1328 scholastici,
1157 1257 1258 1335 qtulru
1282 1256 1320 1318 irs
1339 1275 1422 1332 esse,

332 1361 395 1405 nec
411 1344 517 1404 miuus
532 1340 737 1422 ojusauxilic
761 1338 923 1420 indigent.
967 1337 1067 1408 Quod
1089 1341 1215 1420 patebit
1236 1339 1422 1432 esideqter,

336 1425 567 1490 siobsersctur
590 1423 711 1486 multos
731 1443 800 1486 esso
820 1427 998 1499 creaturas,
1021 1440 1158 1505 quntum
1178 1428 1319 1490 essentia
1342 1447 1421 1490 con·

335 1513 420 1574 sistit
446 1513 483 1574 ιιι
506 1511 703 1592 operatione,
736 1508 826 1570 verbi
852 1503 959 1588 gratit
983 1511 1128 1590 spiritus,
1158 1509 1252 1592 cujus
1274 1515 1419 1578 essentia

337 1597 487 1660 consistit
511 1598 545 1658 iu
571 1595 781 1677 cogitatione.
826 1591 1002 1660 Quomodo
1030 1596 1117 1656 enim
1140 1596 1214 1676 quis
1229 1599 1422 1680 conciperet

338 1683 487 1764 spiritum
507 1684 667 1763 pcrpctud
689 1678 836 1760 indigere
851 1695 1016 1740 concursu
1034 1679 1099 1742 Dei
1123 1679 1167 1742 cd
1181 1699 1247 1742 sue
1271 1687 1421 1758 essentie

334 1769 628 1842 conservationem,
649 1771 683 1827 et
699 1783 765 1828 non
780 1781 877 1846 egere
889 1783 928 1825 eo
940 1781 1105 1826 concursu
1121 1763 1164 1826 sd
1178 1783 1311 1830 suarum
1329 1772 1421 1852 cogi·

334 1853 497 1916 totiouom
522 1851 786 1934 productionem,
810 1847 1077 1932 quandoquidem
1103 1849 1175 1930 ejus
1200 1855 1352 1930 essentia,
1383 1861 1420 1918 ct

334 1938 406 2020 ejus
420 1939 638 2018 cogitationes
652 1939 700 1998 ito
713 1936 893 1998 arctissimi
905 1953 1063 1998 conncxoe
1074 1935 1152 2012 unt,
1166 1945 1279 2000 utnon
1289 1941 1421 2020 possint

332 2022 508 2084 subsistere
524 2039 591 2084 unu
604 2023 674 2084 siue
688 2015 777 2084 ulio?

374 2107 434 2170 tx.
459 2105 596 2180 Verum,
617 2103 885 2187 quandoquidem
913 2103 983 2168 hcc
1009 2105 1148 2170 moterita
1172 2103 1214 2170 de
1245 2105 1419 2172 Concursus

330 2190 523 2256 difficillima
535 2197 596 2266 est,
617 2189 812 2272 quibusdem
828 2191 1108 2271 propositionibus
1122 2198 1269 2254 nostram
1285 2205 1418 2259 senten

332 2279 412 2340 tiam
427 2276 641 2360 explicemus.

371 2361 492 2428 Primo
503 2361 689 2442 propositio
699 2365 760 2436 est,
777 2359 978 2424 Concursum
994 2358 1059 2423 Dei
1075 2379 1142 2424 uon
1157 2361 1418 2446 concipiendum
1489 2427 1490 2434 ,

328 2465 410 2526 csse,
432 2455 469 2510 ut
489 2447 634 2529 uliqusm
650 2447 804 2510 virtutem
820 2447 840 2508 d
857 2445 931 2508 Deo
947 2446 981 2508 in
996 2455 1163 2508 crestums
1178 2451 1419 2528 transeuntem,
1489 2443 1490 2463 ³

329 2533 387 2601 ssd
401 2531 483 2598 nibil
497 2531 589 2596 alind
603 2550 673 2594 esse
695 2534 794 2614 quim
810 2532 913 2612 ipsons
938 2529 1003 2606 in
1019 2529 1237 2608 voluntatem,
1258 2533 1328 2617 qui
1345 2537 1418 2600 vult

328 2627 368 2684 ut
379 2637 486 2684 cnosso
502 2615 653 2681 secundus
667 2625 780 2700 agorn,
794 2616 852 2679 tali
866 2621 901 2679 et
916 2615 974 2678 tali
986 2621 1145 2698 tempore,
1156 2625 1190 2680 et
1205 2636 1283 2682 cum
1294 2621 1419 2686 talibus

328 2703 592 2768 circumstantiis
636 2702 759 2766 Omnis
772 2703 859 2765 enim
875 2699 969 2764 Deus
991 2699 1158 2766 iacitsolo
1172 2709 1247 2766 cctu
1263 2705 1419 2772 soluntn·
1488 2741 1489 2748 ι

330 2791 383 2864 tis,
403 2787 495 2852 dskcit
508 2791 541 2850 st
555 2785 717 2868 ressocta
731 2791 790 2852 cst.

371 2871 526 2937 Secundo
544 2873 743 2954 propositio,
766 2871 898 2938 Motum
914 2873 973 2955 qui
994 2870 1189 2956 producitur
1204 2875 1238 2938 in
1255 2881 1419 2942 creaturis

327 2963 362 3024 ct
372 2959 409 3022 in
421 2961 529 3021 causis
543 2955 696 3020 secundis
711 2957 775 3022 Dei
791 2958 974 3034 voluntate,
996 2977 1063 3022 nou
1079 2977 1149 3022 esse
1163 2969 1291 3024 motum
1307 2961 1419 3028 direr-

328 3043 950 3110 sumdmotuconscrumsecundcrum.
974 3043 1418 3130 Nonenimconcipiendum
1487 3027 1488 3101 l

329 3135 391 3206 est,
410 3131 576 3192 actionem
590 3127 654 3192 Dei
667 3131 904 3206 concurrentis,
920 3137 955 3194 st
964 3131 1130 3194 sotionem
1142 3149 1247 3194 caus·
1258 3135 1417 3200 secundm

328 3214 533 3278 admittentis
546 3232 755 3290 concursum,
776 3234 846 3278 essc
860 3213 943 3278 duas
964 3217 1111 3278 actiones
1126 3213 1283 3294 diversas,
1305 3229 1345 3284 ut
1359 3239 1418 3284 uc·

328 3302 452 3364 tionem
467 3298 610 3362 duorum
625 3298 794 3362 hominnm
811 3299 1012 3364 trabentium
1023 3301 1165 3382 aliquem
1177 3301 1300 3368 sunem.
1346 3305 1418 3370 Sed
1486 3301 1487 3370 l

325 3383 578 3459 observandum,
598 3385 764 3448 octiouem
789 3403 849 3449 seu
875 3390 1002 3448 motum
1023 3387 1077 3469 qui
1097 3385 1236 3470 aprini
1251 3387 1354 3454 causi
1376 3395 1415 3456 iu

323 3467 468 3536 moundt
480 3467 683 3552 producitur,
705 3489 774 3534 csse
789 3467 928 3534 enodem
943 3489 1019 3534 curn
1029 3473 1161 3536 actione
1172 3491 1279 3536 cause
1289 3494 1416 3540 secun·

319 3555 379 3622 ds.
399 3602 403 3611 ‚
424 3555 715 3618 Concursusenim
736 3555 819 3618 nibil
834 3553 925 3618 aliud
941 3563 1100 3640 estquam
1123 3559 1212 3620 cotio
1234 3578 1416 3626 cansarum
1485 3599 1486 3626 l

317 3639 550 3716 secundorum,
572 3649 644 3721 que
667 3641 701 3702 iu
723 3641 762 3704 iis
788 3638 996 3723 producitur,
1022 3660 1089 3704 non
1116 3646 1256 3726 propriis
1285 3647 1415 3712 viribus

315 3724 577 3808 independenter
598 3725 619 3788 i
645 3723 736 3802 Deo;
757 3726 813 3788 sed
842 3727 872 3788 vi
900 3725 998 3808 hujus
1021 3727 1114 3790 scits
1137 3729 1330 3806 voluntatis,
1353 3739 1416 3815 qni

316 3819 367 3878 est
385 3814 420 3874 in
445 3811 532 3888 Deo,
553 3829 611 3893 per
632 3829 733 3892 quem
754 3809 846 3888 dicit,
876 3809 967 3890 Volo,
991 3817 1028 3876 ot
1048 3810 1122 3876 talis
1136 3815 1225 3878 octic
1240 3813 1297 3880 tint
1311 3817 1334 3880 d
1349 3821 1413 3882 tali

317 3892 479 4050 affligi
504 3981 707 4063 propositio,
731 3979 941 4054 Concursum
967 3979 1061 4044 illum
1084 3975 1151 4046 non
1175 4002 1245 4048 esse
1271 3991 1409 4052 tantum

312 4070 513 4148 generalem,
528 4075 630 4150 stquc
646 4063 897 4152 indifferentem,
920 4067 976 4152 qui
990 4068 1011 4132 t
1025 4063 1126 4130 ccusi
1140 4067 1285 4134 secundi
1296 4068 1413 4138 deter-

314 4233 466 4318 exemplo
483 4235 571 4314 solis,
593 4239 651 4319 qui
663 4237 886 4302 indifferenter
903 4239 1073 4332 concurrit
1093 4257 1170 4306 cum
1193 4239 1408 4326 interioribus

181 4183 186 4194 ·
315 4150 469 4226 minetur,
480 4159 520 4214 ut
532 4151 668 4234 quidam
677 4153 836 4230 sentiunt,
854 4155 910 4234 qni
919 4153 1116 4218 seutentiam
1128 4173 1221 4226 suam
1233 4155 1409 4240 explicent
1483 4163 1484 4174 ¹
