3032 4998
68 449 154 534 Cap.
168 449 216 538 2.]
431 467 478 520 ns
501 465 716 522 uxrsnnsrrs
739 469 811 522 nsi.
1085 475 1093 494 ·
1143 459 1165 522 5

64 621 104 682 irs
114 623 283 698 cordibus,
300 623 415 688 estilla
426 628 516 690 notio
524 627 656 704 innota,
666 625 708 690 de
718 637 781 710 qua
790 627 961 711 loquimur.
989 626 1164 712 Inscripta

66 705 192 770 dieitur
209 710 279 772 husu
298 710 369 774 Lex
384 711 545 788 cordibus,
568 734 635 776 non
652 715 771 775 tubulis
788 713 933 794 lapideis,
949 717 987 778 ut
1003 713 1073 776 Lex
1087 717 1163 778 Mo·

65 795 168 856 saion.
216 795 310 867 Quod
322 797 486 879 scriptam
499 797 646 874 babetur,
667 817 794 880 suuper
802 804 905 864 vacat
921 801 967 864 nd
980 799 1166 882 legendum,

10 919 11 926 .
63 879 140 940 crim
154 887 261 946 vacat
275 883 409 966 legenti.
434 886 481 944 ait
496 885 710 966 Augustinus.

109 965 167 1028 De
188 966 368 1050 Anquisita
385 970 527 1052 loquitur
543 971 630 1032 idem
645 969 823 1053 Apostolus
841 970 938 1034 Rom.
954 973 974 1034 i.
991 971 1040 1034 20.
1069 973 1162 1038 Invi·

10 1055 11 1062 ¹
64 1048 187 1113 aazia
209 1049 276 1116 nes
288 1058 367 1136 jao
389 1055 501 1118 endon
525 1057 655 1120 monito
684 1043 819 1128 Mundo,
840 1075 883 1120 ex
907 1058 954 1118 sss
973 1077 1048 1139 φη
1058 1059 1161 1140 secer,

63 1139 170 1197 meme
181 1155 349 1220 perpensa
360 1141 586 1222 pervidentur,
608 1145 735 1204 (eima
754 1143 910 1207 videlicet
931 1145 1003 1224 ejus
1017 1147 1087 1206 tum
1098 1165 1161 1226 po·

64 1221 185 1293 maa,
216 1226 486 1300 tumniniaitae,
504 1234 552 1288 'et
577 1227 715 1300 Psaltes,
739 1225 824 1289 Psal.
846 1230 914 1290 xix.
940 1230 967 1300 1,
983 1229 1015 1292 2.
1077 1231 1162 1295 caii

64 1311 228 1371 narrant
240 1312 387 1392 gloriam
400 1309 477 1386 Dei,
492 1316 524 1374 el
537 1331 621 1394 opus
634 1331 792 1376 munaum
805 1316 877 1395 que
891 1313 1022 1377 iudicor
1034 1333 1162 1396 espars-

64 1409 148 1454 srrm.
196 1393 274 1458 Huc
291 1395 499 1460 referendum
515 1397 601 1480 quod
618 1397 699 1460 dicit
714 1399 779 1460 lob
794 1401 850 1460 xii.
868 1399 899 1473 7,
915 1399 945 1472 8,
968 1401 997 1460 9.
1043 1400 1161 1464 Enim·

63 1493 350 1640 tabula:
371 1483 1161 1650 stetu.turtult.r⁶.rllsrl.zf

65 1649 196 1722 toteles,
217 1653 244 1712 si
270 1651 396 1714 scilicet
411 1659 529 1715 auctor
552 1656 596 1716 sit
615 1654 693 1716 libri
724 1653 765 1716 de
781 1654 916 1730 mundo,
942 1656 1000 1728 ait,
1020 1659 1060 1718 nt
1084 1657 1159 1720 σπι·-

65 1751 133 1806 ssu,
152 1755 215 1818 per
233 1755 334 1818 qaum
347 1739 505 1812 vivimus,
535 1741 557 1801 n
579 1739 731 1803 umatus
750 1744 874 1802 seurota
893 1759 955 1820 per
968 1761 1034 1802 sua
1057 1759 1159 1822 opera

66 1821 221 1896 cernam,
243 1825 297 1885 itu
322 1821 428 1890 Deam
450 1827 539 1888 arnol
557 1827 693 1890 mortali
712 1829 847 1888 naturas
862 1824 997 1904 &brumis
1008 1845 1070 1908 per
1092 1846 1159 1890 sua

64 1921 166 1985 opera
180 1908 507 1990 conspectnmsaisse
517 1929 531 1984 ;
557 1909 641 1982 Quia
661 1915 712 1974 esi
733 1914 804 1972 iam
818 1928 941 1984 vecors,
963 1914 1009 1973 nit
1029 1911 1160 1987 Cicero,

66 1998 149 2052 orat.
166 1991 208 2054 de
224 1992 367 2076 Harusp.
386 1993 482 2076 Reip.
494 1997 553 2078 qni
567 2017 666 2078 qaum
677 1997 713 2058 io
727 1999 845 2060 colom
859 1997 1058 2078 crispam,
1071 1994 1160 2059 Deos

63 2093 134 2138 esee
144 2080 438 2152 consentiatetea
449 2085 630 2162 quintanio
646 2080 1161 2164 meatefiunt,ntvircqnisquum

65 2165 139 2224 urle
153 2165 225 2228 ullu
244 2165 391 2228 ordinem
404 2185 514 2230 reram
534 2185 576 2229 ac
588 2167 857 2231 vicbsitudinem
867 2170 1022 2248 persequi
1038 2169 1161 2250 possit,

61 2247 240 2328 aueufieri
248 2249 372 2332 putet?
394 2257 428 2314 et
440 2253 465 2314 si
480 2251 631 2315 Diodoro
646 2251 759 2315 Siculo
771 2251 852 2315 tides
863 2249 918 2314 lib.
933 2255 989 2314 xii.
1014 2253 1162 2316 Locren·

67 2335 150 2396 sum
164 2333 334 2416 legislator
350 2335 515 2400 Zaleucus
531 2338 604 2420 lege
620 2337 688 2400 lata
702 2340 792 2400 cives
802 2353 844 2399 ex
854 2337 927 2398 eoeli
955 2337 1161 2402 animadver-

66 2417 157 2482 sione
167 2421 211 2482 ad
227 2439 348 2484 numen
358 2422 607 2504 agnoscendum
623 2423 811 2486 obstrinxit.
914 2436 916 2446 ·

106 2501 169 2568 lv.
196 2505 345 2589 Utraque
368 2507 525 2590 cognitio
546 2527 712 2570 summum
728 2513 778 2569 est
803 2506 959 2570 bonitatis
983 2507 1047 2570 Dei
1070 2509 1160 2570 testi·

67 2591 212 2655 monium
229 2611 309 2674 erga
325 2592 485 2670 homines,
508 2611 590 2676 quus
606 2593 714 2656 noluit
735 2589 795 2656 sut
817 2612 950 2674 prorsus
968 2593 1160 2673 cognitione

67 2691 189 2752 carere,
206 2684 243 2744 ut
252 2679 425 2761 cognitum
441 2698 565 2757 amore,
580 2679 746 2756 laudibus,
762 2680 942 2760 gratianum
956 2677 1158 2753 actionibus,

68 2759 158 2824 cultu
173 2767 209 2824 et
231 2764 389 2849 obsequio
406 2771 698 2848 prosequerentur:
735 2764 899 2845 simulque
914 2769 964 2826 est
990 2766 1158 2827 societatis

69 2847 248 2926 vinculum,
272 2869 315 2914 ne
330 2849 473 2913 mundns
488 2853 522 2914 in
538 2850 749 2914 latrocinium
765 2851 879 2912 abeat:
913 2868 1025 2911 rursus
1040 2852 1158 2914 incitu-

68 2940 214 2996 meutnm
241 2941 292 2999 est
316 2935 359 2998 nd
375 2935 592 3020 ¹querentium
618 2937 828 2999 illustriorem
851 2935 1098 3012 revelationem,
1123 2941 1158 3000 et
1187 2925 1189 2946 '

68 3017 188 3082 sufficit
208 3019 252 3083 ad
273 3025 446 3085 omnemei
459 3024 706 3085 excusationem
719 3019 1013 3102 prasciudendam
1024 3024 1080 3102 qni
1094 3020 1159 3084 hac

67 3105 255 3184 cognitione
271 3106 413 3170 naturali
427 3108 587 3172 abutitur.
633 3105 767 3168 Exitio
789 3107 881 3166 toute
903 3104 1058 3167 derivate
1080 3110 1182 3168 sunt.

69 3207 179 3253 omnes
195 3191 309 3255 uiriles
326 3192 442 3274 Leges,
473 3193 559 3274 sequi
574 3195 608 3254 et
621 3191 704 3272 justi
719 3187 878 3262 vindices,
909 3192 1158 3272 quamvisstepe

68 3275 208 3338 multum
221 3277 368 3342 sordium
380 3277 616 3354 contraxerint,
633 3295 676 3340 ex
687 3274 866 3351 canalium,
881 3293 941 3357 per
956 3292 1039 3356 quos
1054 3282 1160 3338 trans·

67 3361 187 3437 ierunt,
208 3361 291 3427 luto.
1179 3409 1293 3444 „f

109 3443 153 3508 V.
172 3445 259 3510 -Haec
274 3447 431 3530 Cognitis>
447 3449 524 3525 Dei,
540 3467 615 3512 cum
630 3450 696 3514 iilis
711 3447 944 3512 communibus
956 3446 1158 3526 notionibus,

69 3527 257 3615 Theologim
273 3535 431 3597 naturalis
447 3541 592 3617 systema
607 3535 751 3598 conficit.

66 3639 74 3646 ·
110 3615 171 3680 Vi.
203 3617 238 3682 Si
262 3622 334 3702 quis
357 3618 411 3682 hio
433 3619 533 3702 hujus
554 3621 743 3704 systematis
765 3617 1000 3703 compendium
1022 3617 1044 3680 n
1065 3617 1161 3680 nobis

68 3703 223 3784 postulet,
255 3713 289 3768 et
311 3703 389 3787 qnid
407 3704 545 3780 Gentes,
573 3711 644 3770 turn
661 3725 704 3768 ex
718 3708 855 3768 rationis
871 3705 1063 3778 dictamine,
1085 3708 1159 3766 tum

68 3789 279 3934 {soporibus
296 3789 482 3940 Crffinuits
497 3791 776 3940 asstgmidffoe
798 3790 955 3938 colligere
978 3790 1160 3935 potireerrint,

92 3893 131 3936 oc
145 3893 336 3958 responsum
420 3893 485 3951 ea,
580 3897 671 3939 uiuos
738 3895 814 3958 opo
834 3895 918 3938 uisse
935 3893 1048 3958 percip
1086 3892 1123 3936 e:

108 3959 137 4022 1.
161 3959 274 4024 Deum
287 3981 372 4038 esse,
401 3964 486 4038 imo,
508 3981 610 4026 unum
630 3963 752 4025 Deum.

110 4045 154 4108 ll.
178 4043 291 4110 Deum
308 4047 391 4111 nibil
403 4067 472 4112 esse
487 4067 603 4111 eorum
620 4065 692 4130 qua
705 4045 871 4122 videntur,
889 4049 923 4108 et
939 4063 1158 4130 corrumpun-

68 4133 132 4204 tur,
153 4132 212 4196 sed
226 4132 353 4215 aliquid
368 4135 438 4196 istis
452 4133 636 4198 sublimius.

110 4215 175 4280 lll.
221 4217 304 4281 Esse
316 4219 456 4301 justum,
472 4218 608 4296 bonum,
623 4222 805 4302 potentem,
821 4220 855 4280 et
870 4217 1157 4302 sapientissimum,

10 4313 12 4356 ὲ
108 4299 171 4366 lV.
196 4301 309 4370 Deum
324 4304 605 4388 esrecreatorem
621 4303 721 4390 hujus
738 4303 901 4370 Universi.
