2994 4996
56 485 126 568 Cap.
141 481 184 572 9.]
491 501 538 554 nn
560 493 679 554 aaran.
713 539 715 546 ,
1065 499 1125 565 tas

84 655 229 721 asama
243 657 413 740 queritur,
435 677 495 722 cur
508 666 682 744 peccatum
700 659 788 724 istud
802 661 932 728 dicatur
952 667 1124 747 peccalum

52 742 80 804 ia
94 741 257 824 Spiritum
272 741 457 808 Sanctam?
500 745 710 829 Respondeo,
733 767 799 810 non
820 749 868 810 ita
886 753 1008 826 vocari,
1030 753 1124 834 quasi

50 827 182 890 offendat
204 829 397 910 simpliciter
418 831 549 894 tertiam
576 850 750 914 personam
772 833 901 896 Sanctis
927 835 1119 914 Trinitatis;

50 931 111 974 nam
127 915 239 976 omnia
254 922 392 996 peccata
407 915 579 980 oll'enduut
594 924 660 980 tres
671 917 856 982 adorandas
868 937 1041 1002 personam
1063 923 1123 987 sed

50 999 113 1080 quia
136 1005 344 1082 perpetratur
365 999 520 1064 adversus
543 1003 743 1084 peculiarem
760 1003 781 1066 S
806 1005 901 1066 iritus
917 1003 1029 1068 Sancti
1045 1028 1122 1090 ope·

49 1087 206 1160 rationem,
228 1105 297 1170 quas
312 1084 359 1148 illi
380 1089 541 1170 competit
555 1089 589 1150 in
611 1091 771 1152 mconomi
816 1089 942 1166 salutis,
964 1092 1120 1157 nimirum

48 1167 238 1232 illuminandi
255 1180 391 1235 mentes.

86 1253 193 1318 Tertio
208 1260 377 1384 (inuritur,
398 1275 441 1320 an
457 1259 490 1321 in
507 1277 621 1321 omnes
637 1257 786 1324 bomines
801 1259 920 1326 cadere
934 1261 1039 1345 possit
1053 1261 1119 1328 boo

48 1348 225 1420 peccatum.
260 1341 470 1424 Respondeo,
497 1343 523 1406 l.
541 1345 572 1408 N
577 1363 619 1406 on
631 1343 794 1410 caderein
806 1347 931 1412 electos
945 1355 980 1410 et
994 1345 1119 1426 fideles,

47 1427 91 1504 qui
105 1433 239 1509 propter
253 1447 416 1491 summum
434 1429 498 1492 Dei
513 1447 592 1511 erga
605 1450 661 1492 eos
675 1450 832 1511 amorem,
848 1451 915 1494 uon
931 1437 1071 1515 possunt
1081 1434 1118 1498 iu

44 1513 98 1572 tam
112 1518 208 1574 atrox
224 1519 398 1594 peccatum
415 1513 498 1592 labi3
521 1523 558 1576 ut
574 1515 711 1598 patebit,
733 1517 890 1600 quamde
905 1536 1116 1600 perseveran-

46 1593 80 1656 ul
93 1595 273 1678 loquemur.
318 1599 351 1660 N
354 1619 396 1660 on
412 1617 571 1680 negamus
587 1601 720 1682 quidem
743 1603 905 1666 multaab
920 1605 959 1667 iis
974 1607 1115 1688 peccata

43 1685 169 1760 patrari;
201 1703 285 1764 quse,
307 1685 334 1745 si
361 1703 420 1766 per
444 1705 479 1748 se
503 1687 718 1762 aestimantur,
741 1687 842 1770 digna
866 1695 955 1764 sunt,
977 1688 1114 1772 obque

43 1767 68 1826 iu
90 1773 241 1830 eternam
268 1771 440 1830 incurrant
466 1770 741 1836 maledictionem.
788 1771 913 1836 verum
936 1772 1053 1837 borum
1076 1775 1113 1838 in

43 1847 159 1916 Cbristo
174 1857 273 1916 venia
287 1860 403 1935 parata
417 1860 477 1931 est,
499 1873 598 1937 quum
613 1855 657 1918 ad
679 1875 756 1918 eum
776 1859 973 1940 prenitentes
996 1855 1116 1920 conlu-

41 1938 128 2016 giuot.
175 1938 216 2000 ln
232 1941 271 2002 iis
290 1937 432 2022 Spiritus
453 1939 596 2002 Sanctus
618 1942 752 2004 tristitia
768 1939 909 2004 allicitur
923 1939 1119 2024 aliquando,¹

41 2039 93 2086 non
105 2026 325 2106 extinguitur,
341 2030 375 2087 et
385 2025 446 2088 etsi
458 2027 511 2088 isti
526 2025 649 2090 surculi
663 2025 796 2090 Christo
806 2029 906 2102 insiti,
921 2027 963 2090 ad
975 2028 1114 2111 aliquod

40 2111 150 2192 tempus
177 2109 306 2174 fructus
333 2109 517 2192 producere
539 2109 702 2187 desinant,
724 2111 778 2175 vel
798 2113 846 2175 ita
861 2111 1052 2194 langueant,
1073 2120 1113 2176 ut

40 2193 263 2276 propemodum
291 2193 424 2258 siderati
451 2193 636 2271 videantur,
657 2216 724 2259 nou
754 2203 866 2260 tamen
897 2198 1112 2276 credendum,

39 2295 168 2357 succum,
191 2300 290 2364 quem
314 2299 357 2344 ex
378 2288 498 2344 trunco
521 2280 671 2358 trabunt,
693 2284 726 2344 in
748 2283 787 2346 iis
809 2283 908 2366 plane
930 2287 1110 2348 exaruisse.

37 2361 59 2424 2.
78 2363 153 2429 Non
169 2365 293 2430 cadere
307 2368 341 2429 in
356 2386 413 2430 eos
428 2367 483 2450 qui
499 2385 566 2430 non
582 2373 790 2450 cognoscunt
804 2370 1026 2451 evangelium,
1049 2371 1111 2434 sed

36 2448 61 2510 in
72 2467 123 2514 eos
137 2471 223 2534 quos
238 2469 396 2514 vocamus
405 2453 632 2536 temporarios,
648 2455 702 2535 qui
714 2451 886 2536 excipiunt
896 2473 973 2518 cum
985 2453 1109 2536 gaudio

36 2537 241 2619 evangelium,
263 2536 321 2602 sed
336 2539 391 2620 qui
406 2537 489 2600 illud
500 2541 616 2618 postea
629 2537 808 2620 abnegant.

67 2619 190 2693 Quartd
217 2625 448 2705 querituccn
464 2619 575 2686 adbuc
590 2641 625 2684 re
669 2623 796 2686 riantur
812 2622 972 2702 homines,
994 2626 1051 2708 qui
1073 2626 1107 2695 in

34 2701 83 2768 boc
94 2715 274 2790 peccatum
290 2705 460 2772 incidant?
504 2706 607 2772 Ratio
645 2706 793 2772 ubitandi
808 2714 869 2788 est,
891 2707 979 2792 quod
994 2709 1106 2774 videa·

32 2793 75 2852 tor
86 2797 220 2858 nutum
238 2793 391 2858 Christus
405 2809 562 2857 accusare
577 2793 677 2877 bujus
692 2796 821 2878 peccati
842 2815 909 2872 eos,
931 2797 989 2879 qui
1004 2815 1107 2880 opera

32 2877 231 2956 almostam,
264 2899 334 2962 qum
367 2880 573 2962 prestiterat,
603 2879 836 2944 adscribebant
861 2879 1006 2960 diabolo,
1027 2887 1107 2947 cum

30 2965 124 3028 umen
150 2965 216 3041 illi,
238 2967 295 3048 qui
320 2967 368 3028 ita
391 2963 618 3048 loquerentur,
639 2970 698 3029 aut
723 2967 868 3048 persuasi
894 2973 1013 3042 essent,
1036 2987 1105 3030 nou

29 3062 107 3126 posse
121 3052 220 3128 talia,
242 3051 304 3114 nisi
321 3051 442 3114 virtute
457 3047 571 3112 divini
586 3048 667 3126 beri,
687 3055 747 3112 aut
761 3051 878 3114 saltem
896 3053 989 3114 nulla
1003 3071 1105 3135 expe·

28 3133 130 3200 denua
142 3143 209 3202 aut
225 3142 422 3219 argumento
437 3134 604 3198 verisimili
619 3132 654 3196 id
674 3137 826 3198 evincere
848 3141 992 3216 possent,
1014 3135 1106 3218 quod

28 3222 112 3296 lanta
120 3243 202 3287 cnm
220 3211 371 3294 audacia.
391 3225 493 3303 atque
514 3219 684 3302 impietate
698 3218 896 3283 asserebant.
916 3231 918 3236 ’
942 3219 1017 3283 lloc
1032 3240 1105 3282 sen·

28 3303 101 3370 tlunt
119 3309 223 3372 multi
248 3312 323 3390 post
349 3305 604 3390 Hieronymum,
626 3303 857 3380 Athanasium,
880 3303 1103 3382 Ambrosium,

27 3386 185 3469 Basiliam,
219 3393 475 3474 existimautque
489 3391 548 3466 illi,
563 3409 631 3454 non
646 3389 734 3454 idem
757 3409 827 3454 esse
850 3396 1036 3472 peccatum,
1062 3391 1103 3454 de

26 3490 81 3556 quo
102 3477 274 3553 Christus,
297 3476 419 3541 Mattb.
436 3477 494 3539 xii.
510 3477 562 3540 31.
589 3495 664 3540 oum
693 3497 745 3552 eo,
767 3475 808 3538 de
833 3495 899 3558 quo
927 3475 1049 3540 Paulus
1069 3484 1104 3540 et

23 3559 196 3629 lebannes.
245 3562 395 3628 Credunt
404 3565 590 3645 peccatum,
611 3561 654 3627 de
669 3581 737 3646 quo
748 3559 940 3644 Apostolus,
962 3559 1102 3625 Hebri.

23 3651 50 3707 et
62 3667 93 3712 x.
115 3651 285 3733 loquitur,
306 3667 375 3711 esse
391 3653 564 3730 peccatum
580 3647 782 3722 iudeorum,
804 3649 860 3730 qui
873 3654 950 3731 post
963 3655 1105 3731 accepta

21 3731 47 3794 iu
62 3733 233 3818 baptismo
255 3727 344 3796 dona
366 3733 574 3808 miraculosa,
596 3733 748 3796 redibant
772 3735 806 3794 in
831 3751 1047 3816 synagogam,
1069 3738 1104 3800 et

21 3817 302 3884 abrenunciabant
318 3819 581 3892 Christianismo,
604 3817 772 3880 Christum
795 3819 1007 3881 anathemate
1028 3818 1104 3880 leri-

20 3901 110 3984 lndo;
132 3913 170 3971 et
182 3908 374 3990 matam,
389 3903 509 3986 dequo
522 3901 964 3984 Joaannee,essepecoatum
977 3921 1103 3978 eorum,

20 3993 63 4070 qui
79 3997 260 4056 manentes
275 3993 308 4054 in
327 3989 589 4062 Christianismo,
611 3988 726 4052 saltem
743 3985 854 4070 quoad
870 3989 1110 4070 professionem,

19 4083 196 4154 uternam,
230 4074 482 4159 perseverabant
508 4077 542 4136 in
568 4072 679 4154 aliquo
704 4079 843 4154 peccato
869 4075 985 4148 atroci,
1014 4073 1104 4155 quod

19 4163 395 4228 excommunicationem
424 4157 581 4222 Ecclesia
606 4161 639 4220 in
666 4177 722 4220 eos
750 4156 912 4232 trahebat,
938 4157 991 4221 rel
1013 4157 1107 4222 aliud

19 4255 187 4324 macutum
204 4247 322 4312 mmila.
368 4244 495 4308 Verum
519 4243 649 4307 subtilis
665 4242 750 4308 forte
767 4243 872 4324 magis
886 4245 984 4326 quarn
999 4244 1106 4308 solida

19 4330 72 4399 bac
95 4335 236 4421 opinio.
279 4331 334 4402 Do
348 4331 465 4398 codam
482 4331 609 4413 peccati
628 4347 750 4412 genere
777 4328 867 4412 loqui
886 4329 1057 4394 Christum
1072 4337 1109 4394 et
