3032 4998
326 415 368 480 20
644 413 847 470 nneononra
871 413 1097 468 comminue.
1277 401 1365 490 [Lib.
1384 403 1415 468 1.

328 583 505 650 universali
521 579 709 651 bominum,
730 583 766 640 at
776 575 1021 657 corruptionem
1034 572 1120 638 lranc
1130 575 1287 653 sentiant,
1298 593 1417 640 omnes

330 681 365 736 et
380 673 502 735 latetur
516 668 610 730 ratio·
655 663 783 732 Quibus
798 659 998 736 addendum,
1021 660 1121 722 libros
1144 661 1243 725 bosca
1263 683 1334 728 esse
1350 665 1419 748 pri·

329 776 419 823 mum
441 755 580 829 iontem,
608 767 653 812 ex
676 769 743 832 quo
768 748 837 810 bec
863 749 1022 830 mysteria
1047 746 1165 812 hausta
1189 759 1278 828 suut,
1299 753 1419 834 nequis

328 843 407 908 alibi
423 843 456 904 in
473 841 563 902 libris
580 837 729 899 humanis
744 835 813 896 brec
825 833 889 916 legi
905 838 1039 896 asserat.

374 927 472 990 Vlll.
501 923 635 989 Tertiae
659 919 842 992 character,
874 919 998 982 cultum
1025 922 1183 997 noelmm,
1224 925 1258 986 ct
1286 924 1421 988 anim

330 1015 428 1078 unici
442 1011 489 1074 nd
497 1009 571 1073 vari
584 1007 733 1070 numinis
745 1005 891 1088 gloriam
905 1005 1066 1089 dirigere,
1087 1006 1177 1068 libris
1198 1006 1262 1070 illis
1285 1007 1421 1071 Veteris

331 1107 365 1164 et
382 1097 469 1162 Novi
486 1095 689 1157 Testamenti
706 1090 861 1170 denegari
878 1093 1010 1172 nequit;
1032 1109 1108 1152 nam
1125 1110 1280 1174 quorsum
1299 1111 1418 1157 eorum

329 1173 1423 1259 doctrinatendit,nisiutdeposilaomnlidololatria,superstitione,

330 1273 488 1352 omnique
502 1268 533 1326 in
546 1265 699 1346 operibus
708 1265 827 1324 nostris
837 1257 1173 1336 baucio,edmiremur
1184 1281 1285 1326 unum
1295 1265 1421 1342 Deum,

329 1358 364 1420 in
376 1373 451 1418 eum
461 1349 644 1422 credamus,
660 1367 735 1409 eum
748 1349 826 1410 totis
838 1347 959 1408 viribus
969 1365 1128 1426 amemus,
1142 1350 1172 1410 ei
1188 1350 1423 1431 obsequamur,

330 1461 406 1506 eum
423 1457 498 1503 cum
514 1431 641 1498 summi
655 1435 755 1494 animi
772 1431 968 1494 demissione
983 1431 1141 1508 colamus,
1164 1452 1223 1496 nos
1241 1437 1422 1522 'nostraque

329 1527 442 1588 omnia
456 1521 499 1586 ad
515 1520 586 1602 ejus
601 1519 739 1601 gloriam
764 1517 952 1590 referamus,
975 1519 1009 1580 in
1031 1537 1072 1582 ec
1093 1522 1352 1600 acquiescamus,
1375 1525 1420 1586 ab

329 1631 372 1760 {g
397 1611 459 1710 toti
485 1605 697 1753 penlrlleamus,
712 1605 753 1732 ²iu
776 1619 882 1684 eoque
902 1621 1033 1666 omnem
1047 1613 1194 1668 nostram
1210 1623 1301 1688 spem
1316 1615 1419 1690 atque

377 1713 485 1758 ueram
501 1711 541 1756 oo
569 1707 722 1755 cccmus.

374 1781 434 1844 lX.
460 1779 607 1851 Quartae
633 1773 806 1838 cbaracter
830 1779 891 1851 est,
916 1773 969 1838 ito
991 1777 1128 1838 merrtem
1154 1775 1346 1856 insonaore,
1381 1783 1421 1844 ui

279 1875 285 1888 “
330 1869 501 1950 inexpleta
531 1863 685 1927 aviditas
714 1861 866 1924 uocaui
893 1861 1112 1942 conquiescat,
1147 1863 1241 1925 modo
1258 1863 1421 1944 sacceeci

329 1953 462 2038 ingenii
475 1949 614 2013 lamam
626 1945 832 2028 pervicacia.
877 1945 1048 2013 Quantum
1063 1948 1125 2009 iste
1139 1947 1314 2011 character
1328 1949 1421 2015 libris

330 2039 420 2102 bisce
436 2035 623 2106 conveniat,
646 2037 738 2114 patet
752 2029 933 2108 evidenter,
955 2032 981 2094 si
996 2031 1206 2094 attendamus
1221 2031 1265 2096 ad
1280 2052 1330 2109 ea,
1346 2054 1420 2118 quse

329 2123 462 2188 docent.
508 2119 641 2181 Docent
656 2117 815 2195 originem
833 2113 947 2178 mundi
963 2121 997 2178 et
1013 2135 1122 2180 rernm
1137 2125 1335 2196 creatarum,
1354 2121 1420 2187 Dei

328 2215 482 2274 naturam
512 2211 545 2266 et
576 2219 688 2285 opera,
709 2201 781 2282 ejus
811 2200 1053 2283 providentiam
1082 2208 1117 2266 et
1144 2203 1316 2279 attributa,
1346 2209 1421 2290 ejus

329 2293 468 2359 consilia
496 2295 530 2353 et
560 2287 705 2362 decreta,
737 2305 810 2368 qua
839 2287 966 2348 scilicet
995 2305 1091 2350 nosse
1115 2288 1223 2369 juvat,
1256 2293 1420 2374 originem

329 2379 465 2444 miserim
488 2375 649 2450 humanm,
670 2372 741 2454 ejus
763 2369 1036 2453 magnitudinem,
1058 2373 1240 2438 remedium
1265 2375 1312 2438 illi
1333 2379 1421 2444 sde-

328 2470 477 2550 qnatum,
500 2475 612 2524 veram
638 2459 726 2522 viam
751 2455 795 2519 ad
822 2457 1026 2534 felicitatem,
1047 2464 1172 2522 statum
1196 2461 1315 2524 anima
1341 2471 1422 2548 post

330 2555 482 2623 mortem,
504 2545 637 2628 aliaque
651 2543 684 2606 id
700 2561 814 2624 genus.
858 2542 947 2611 Quid
963 2562 1096 2608 necesse
1111 2550 1173 2622 eet,
1194 2563 1319 2629 queso,
1340 2569 1422 2636 cog.

330 2654 479 2710 noscere,
501 2629 592 2714 qnod
606 2633 641 2694 in
656 2629 719 2692 illis
734 2647 801 2692 non
818 2631 1028 2692 nanciscaris.

374 2720 418 2784 X.
441 2719 587 2790 Quintus
601 2715 775 2780 character
790 2713 914 2796 petitur
928 2713 1148 2779 dSnnclitatc
1154 2722 1398 2803 preceptorum
1406 2745 1421 2798 ‚·

330 2807 385 2874 bic
395 2805 567 2868 character
576 2803 609 2864 in
621 2799 685 2861 illis
697 2799 787 2860 libris
798 2817 864 2861 non
875 2801 983 2862 minrls
994 2803 1157 2878 cernitur;
1173 2803 1230 2866 illa
1240 2809 1327 2872 enim
1340 2827 1421 2890 prse-

330 2893 458 2976 cipiunt
472 2905 551 2970 erga
568 2886 676 2948 Deurn
699 2883 896 2960 etbomines
919 2883 1038 2960 officia,
1059 2887 1178 2968 quibus
1194 2889 1286 2954 nulla
1300 2891 1424 2958 dantur

331 2979 508 3049 sanctiora,
522 2972 687 3055 siquibus
703 2968 785 3032 nibil
795 2969 901 3033 simile
914 2975 963 3034 est
978 2971 1012 3036 ln
1025 2969 1172 3056 Lycurgi
1182 2983 1243 3038 ant
1254 2975 1422 3044 Draconis

331 3063 470 3146 legibus,
485 3062 519 3122 in
535 3059 723 3120 Stoicorum
738 3057 919 3139 preceptis,
934 3057 968 3118 in
982 3057 1136 3121 omnibus
1148 3059 1422 3148 pbilosophorum

331 3149 447 3216 effatis.
491 3143 581 3214 Quid
595 3145 683 3206 enim
699 3144 855 3218 sanctius,
870 3159 992 3224 queso,
1013 3145 1112 3224 quim
1124 3145 1244 3227 jubere
1259 3148 1423 3228 homiues,

331 3227 1424 3395 institistisliiiiztrbtlt‘ttdiii‘iztt

332 3401 449 3488 procul
464 3421 534 3464 esse
545 3357 670 3482 ju’ssisl
714 3395 896 3479 Nunquam
919 3402 999 3460 sane
1017 3397 1060 3461 de
1082 3401 1226 3466 vetanda
1244 3340 1422 3492 concrepis-

333 3490 444 3553 centia
470 3486 619 3549 homines
643 3483 855 3563 cogitassent,
876 3487 911 3544 el
930 3484 1001 3566 ipse
1024 3483 1148 3551 Paulus
1173 3487 1307 3569 latetur,
1327 3493 1420 3582 quod

333 3591 506 3658 nunquam
522 3567 714 3632 credidisset
729 3567 818 3630 illem
834 3587 904 3632 esse
919 3575 1106 3650 peccatum,
1123 3575 1184 3637 nisi
1197 3575 1250 3638 lex
1264 3577 1423 3660 probibu-

334 3664 422 3724 isset.
467 3651 521 3719 Ex
538 3655 600 3717 boc
615 3651 927 3735 quierloclrcrcclarc
941 3657 1135 3733 crincimns,
1158 3659 1339 3728 Diabolum
1353 3685 1421 3730 non

333 3764 429 3832 posse
443 3761 513 3806 esse
527 3745 697 3802 auctorem
715 3738 832 3800 borum
849 3739 1019 3804 librorum.
1064 3741 1232 3823 Valrities,
1248 3756 1282 3810 et
1295 3750 1422 3815 callidi·

283 3853 285 3858 ·
333 3839 385 3894 tas
399 3831 470 3914 ejus
485 3845 552 3891 non
567 3827 678 3890 sinunt
693 3829 730 3886 ut
745 3823 848 3907 fingat
862 3825 962 3888 libros
978 3829 1112 3910 ingenio
1126 3849 1186 3894 suo
1201 3832 1356 3899 adversos
1384 3847 1422 3903 et

335 3935 436 4064 {egeto
452 3935 511 3979 suo
528 3930 585 3998 per
599 3930 635 3974 se
657 3911 793 3990 noxios3
822 3910 972 3976 subditos
996 3912 1118 3979 similes
1140 3916 1203 3981 albi
1226 3927 1329 3997 amat,
1351 3883 1422 3990 non

360 4023 395 4062 03
412 4021 456 4064 ΘΕ.

377 4085 438 4149 Xl.
462 4085 583 4148 Seniue
597 4082 770 4147 cbaracter
792 4087 853 4158 est,
884 4081 1016 4148 siim
1035 4101 1164 4171 occuper
1184 4095 1345 4168 masters,
1368 4097 1424 4159 ni.

334 4169 445 4254 litque
457 4169 572 4234 labara
585 4187 800 4252 repugnarem
834 4187 896 4231 nec
914 4171 1022 4234 minas
1035 4155 1192 4254 congruit
1206 4177 1296 4240 libris
1312 4179 1424 4246 bisce:

335 4275 412 4322 narn
423 4257 484 4320 etsi
496 4261 547 4320 tot
556 4256 651 4320 sintd
665 4255 762 4320 variis
772 4255 963 4320 auctoribus
971 4261 1149 4344 conscripti
1158 4258 1294 4328 diversis
1302 4265 1426 4332 seculis
