3000 5006
61 460 207 550 capso]
464 451 510 528 bn
532 477 751 530 unnrsnonn.
1066 463 1127 528 277
1206 435 1212 442 ’

57 633 251 698 Timotheum
268 632 376 697 voluit
390 633 585 698 circumcidi
602 635 736 711 Paulus,
752 637 864 698 votum
882 633 983 700 edidit
998 634 1041 700 de
1056 641 1130 698 ton·

56 718 150 782 dsndo
174 722 295 801 capite,
318 725 353 784 et
377 721 518 803 apostoli
543 723 576 783 in
603 722 733 806 synodo
757 720 1130 804 Hierosolymitanh·qui

53 804 1131 888 jngumintolerabilecaeremoniarumnoluntimponiChristianis,

53 893 156 972 jubent
171 897 282 954 tamen
297 891 464 957 carim
476 893 499 952 d
512 887 690 974 suffocato,
711 895 733 954 d
748 894 915 975 sanguino
928 897 959 956 st
973 893 1131 976 idolothy-

55 978 102 1052 tis,
121 975 194 1039 Act.
206 995 262 1038 xv.
270 976 324 1051 20,
337 979 388 1039 29.
411 977 490 1060 qula
508 973 614 1040 ludici
626 997 667 1040 eo
679 980 885 1062 potissimum
895 997 929 1040 se
942 980 964 1039 h
979 977 1132 1060 gentibus

55 1079 170 1126 srersos
184 1081 255 1125 csse
270 1061 520 1145 profitebantur.

92 1145 146 1211 lX.
168 1145 233 1210 Sed
258 1167 334 1230 qum
359 1149 559 1214 ceremonia
590 1153 686 1212 erant
710 1148 889 1214 observatos
919 1147 963 1212 ad
992 1153 1134 1230 tempus,

55 1231 173 1296 tandem
198 1233 367 1314 abrogato
382 1245 461 1296 snut
484 1236 598 1318 postea
612 1235 655 1297 ab
669 1235 838 1318 apostolis,
860 1253 963 1318 quum
978 1233 1135 1297 viderunt

56 1319 87 1380 iis
107 1319 194 1382 abuti
214 1318 353 1382 Judneos
375 1325 410 1386 et
436 1320 753 1410 pseudoprophetas,
775 1319 862 1386 unde
879 1321 1003 1383 Paulus
1025 1319 1135 1382 noluit

54 1403 230 1468 circumcidi
254 1403 379 1478 Titum,
401 1413 436 1469 et
451 1407 587 1470 Petrum
603 1403 836 1470 ludalaantern
854 1409 987 1489 carpsit,
1010 1403 1086 1468 Gal.
1100 1405 1134 1470 ii.

60 1489 161 1564 ll,12.
204 1490 251 1553 llt
276 1492 407 1573 penitus
429 1492 595 1556 observari
621 1492 790 1556 desierunt
811 1491 981 1554 destructo
1007 1489 1134 1571 templo

57 1573 357 1662 Hierosolymitano,
370 1585 404 1640 et
416 1577 486 1640 haec
497 1577 669 1660 abrogatio
683 1597 749 1641 non
762 1579 823 1640 luit
834 1577 973 1662 simplex
985 1573 1135 1648 abolitio,

57 1679 104 1742 per
117 1679 206 1744 qnam
220 1661 349 1742 aliquid
367 1663 414 1725 ito
429 1663 548 1728 desinit
561 1683 643 1738 esse,
664 1669 702 1728 ut
717 1663 800 1728 nihil
814 1665 875 1746 ipsi
891 1661 1060 1736 succedat,
1075 1659 1136 1724 sed

58 1747 152 1826 potirls
176 1751 432 1823 consummatio,
454 1755 487 1811 et
514 1749 686 1831 perfectio,
718 1747 803 1811 Heb.
832 1751 898 1811 vili.
918 1750 949 1811 6.
982 1750 1046 1831 qud
1075 1745 1136 1821 illi,

55 1833 132 1912 quod
146 1833 379 1916 imperfectam
395 1841 457 1911 est,
477 1834 600 1918 aliquid
617 1833 796 1918 perfectius
810 1833 970 1898 succedit.

96 1915 131 1980 X.
146 1919 283 1982 lnterirn
292 1937 338 1982 ex
353 1939 393 1982 eo
405 1917 492 2003 qnod
507 1920 561 1983 lex
576 1919 811 1982 caeremonialis
821 1919 982 2000 abrogata
992 1921 1053 1990 est,
1068 1933 1138 1978 non

58 2001 123 2066 inde
143 2004 352 2073 ialerendunr
377 2005 559 2070 abolendos
584 2023 656 2068 esse
678 2023 793 2070 omnes
813 2007 896 2068 ritas
915 2007 950 2068 in
974 1997 1139 2076 Ecclesia,

59 2085 134 2152 ritus
153 2093 240 2154 enim
268 2093 397 2154 externi
415 2099 491 2156 sunt
518 2091 692 2156 necessarii
719 2089 795 2154 boni
822 2089 946 2154 ordinis
970 2086 1080 2164 oaush,
1103 2092 1139 2150 et

59 2180 123 2238 sunt
135 2176 338 2246 adminicula
358 2176 480 2256 cultas,
502 2175 602 2244 moda
617 2196 683 2240 non
704 2176 959 2262 proscribantur
974 2191 1051 2240 cnm
1067 2173 1139 2254 opi·

59 2260 142 2324 nione
156 2263 316 2329 absolutoe
332 2263 536 2328 necessitatis
546 2271 580 2328 et
598 2263 717 2340 meriti,
732 2283 794 2328 nec
805 2265 852 2326 ita
864 2261 1140 2348 multiplicentur,

58 2351 88 2406 ot
107 2347 181 2414 inde
195 2349 306 2416 servili
327 2349 414 2436 jugo
429 2355 622 2434 premantur
650 2349 853 2422 Christianl;
884 2367 961 2412 narn
981 2347 1028 2412 illi
1055 2347 1138 2407 ritus

58 2429 184 2500 nultum
200 2433 356 2498 differunt
367 2437 387 2496 d
400 2433 472 2520 lege
483 2433 719 2510 caeremoniali;
741 2433 947 2516 significabat
957 2433 1011 2495 lex
1025 2430 1139 2494 Chris·

58 2519 115 2582 turn
140 2527 330 2594 venturum,
352 2521 405 2580 isti
433 2523 515 2584 ritus
538 2517 708 2582 Christum
734 2520 863 2580 venisse
888 2517 1020 2578 docent.
1066 2515 1139 2576 Len

52 2609 110 2664 erat
138 2623 217 2687 pars
246 2603 357 2666 cultus
387 2601 489 2665 divini
520 2604 723 2676 necessaria3
754 2607 791 2664 ot
821 2601 875 2662 isti
900 2607 979 2662 sunt
1008 2601 1140 2680 tantum

48 2685 199 2750 td'uncta
214 2687 342 2752 cultus.

77 2707 141 2838 dil.
168 2771 228 2834 De
244 2773 317 2853 lege
335 2772 489 2854 politiori,
511 2779 547 2838 ut
563 2770 689 2856 aliquid
706 2771 865 2850 dicamus,
887 2771 1049 2858 abrogata
1064 2769 1140 2845 luit,

49 2855 67 2920 l.
91 2857 129 2922 ln
146 2875 187 2920 eo
204 2857 300 2944 qudd
325 2859 523 2924 inserviebat
541 2859 585 2922 ad
607 2859 872 2941 distinguendam
899 2859 1138 2944 rempublicam

48 2943 223 3010 iudaicam
239 2945 259 3008 d
273 2944 438 3024 gentihus,
453 2955 486 3008 et
498 2948 531 3008 in
548 2965 587 3006 eo
603 2943 689 3024 qudd
702 2945 765 3006 luit
780 2951 882 3030 typus
898 2949 990 3026 regni
1004 2945 1140 3008 Christi.

51 3027 119 3094 Non
135 3027 243 3094 datur
259 3029 346 3096 enlm
361 3029 502 3111 amplius
513 3029 687 3092 discrimen
699 3029 889 3090 ludmorum
905 3037 939 3092 et
955 3029 1142 3092 Gentilium

54 3115 79 3177 in
94 3115 243 3191 Christo,
267 3111 343 3178 Gal.
360 3117 405 3177 iii.
418 3115 469 3177 28.
493 3119 527 3176 et
542 3131 642 3196 quum
655 3113 725 3194 jain
742 3111 908 3174 exhibitus
923 3121 974 3176 est
991 3115 1142 3186 Messias,

57 3219 113 3268 non
128 3221 213 3286 opus
238 3211 288 3264 est
304 3201 376 3282 ejus
390 3191 589 3266 ddumbrare
604 3217 753 3280 regnum.
780 3197 829 3272 ⁴2.
853 3197 892 3258 ln
909 3199 947 3260 lis
970 3217 1042 3282 qum
1063 3206 1143 3262 sunt

56 3285 364 3438 illabili·
381 3283 1072 3454 rtltili?⁵.3⁰lltt}li¹.³i..²⁰l.⁰t.³
1086 3291 1142 3434 ..t‘

349 3419 358 3448 9
595 3417 603 3448 Ι
926 3417 936 3446 h
1133 3415 1142 3442 2

60 3455 96 3520 de
102 3459 252 3542 jubilaeo,
275 3457 316 3522 de
332 3477 418 3542 agro
432 3457 579 3521 diversis
592 3455 752 3520 omninum
771 3453 940 3540 speciebus
953 3476 1018 3518 non
1034 3393 1144 3520 cobse-

61 3545 156 3620 rcodo,
186 3543 230 3608 de
285 3547 341 3608 ota
371 3543 558 3628 zelotypiae,
591 3541 633 3608 de
662 3541 866 3608 sabbatismo
894 3561 1067 3626 agrorum,
1101 3540 1143 3604 de

61 3627 233 3694 dividenda
280 3649 338 3692 rra
357 3629 510 3694 Caucasi.
553 3626 683 3694 Arnon
708 3629 869 3709 abrogata
884 3639 945 3702 est,
967 3631 1000 3690 ln
1017 3631 1056 3690 iis
1072 3645 1142 3710 qum

61 3721 127 3776 sunt
137 3715 224 3797 juris
234 3717 429 3790 communis,
442 3713 774 3798 quaeqoetundsotur
785 3715 818 3776 in
831 3713 904 3796 lege
916 3721 1052 3790 naturae,
1069 3731 1143 3794 quae

62 3793 224 3886 Deoalogo
240 3799 438 3884 explicando
453 3805 612 3876 serviunt,
633 3806 752 3884 etqua
768 3801 803 3864 in
824 3819 911 3863 novo
928 3799 1144 3864 Testamento

62 3899 89 3946 re
129 3889 270 3956 rinctus.

91 3904 171 4036 pldll.
196 3971 386 4056 Dupliciter
409 3969 641 4036 consideratur
660 3969 806 4057 populns
829 3967 1003 4044 ludoicus,
1031 3969 1144 4053 primd

62 4055 117 4136 qud
141 4057 296 4142 populus,
317 4055 458 4119 semmdd
484 4057 553 4138 quh
577 4054 762 4134 ,ludatonn
796 4055 956 4137 quioquid
987 4059 1145 4119 convenit

58 4137 190 4212 ludaico
218 4141 344 4228 populo
361 4147 398 4204 ut
424 4141 561 4224 populo,
582 4139 655 4206 allis
671 4159 847 4204 commune
862 4157 932 4205 esse
947 4147 1077 4226 potest;
1109 4147 1146 4204 at

61 4227 139 4308 qaod
153 4229 183 4294 ei
200 4229 358 4292 convenit
371 4231 408 4288 ut
423 4223 441 4290 J
448 4225 568 4290 udalco
586 4225 720 4312 populo,
736 4245 803 4288 non
820 4229 923 4308 magis
939 4227 980 4291 ad
996 4249 1056 4292 nos
1072 4247 1146 4312 per·

61 4313 136 4384 tinet
147 4318 245 4398 qnam
257 4315 439 4401 priscorum
453 4312 677 4398 Assyriorum,
693 4311 884 4388 Persarum,
896 4314 1099 4391 Graecorum,
1110 4318 1145 4374 et

64 4393 1144 4484 Romanorumleges‚autalienarumcivitatumjuramuoioipalic.
