3000 4998
60 479 135 561 Cap.
154 477 195 566 l.]
245 473 249 506 ³
440 495 487 544 n
509 489 732 546 maraton.

344 687 347 694 ’
415 735 572 801 carun
594 735 799 802 Paruum.

258 907 304 964 Aa
317 905 488 980 accensuit
501 906 565 962 Dea
577 907 704 982 satisfieri
713 925 767 984 pro
778 909 918 984 perum

103 1066 129 1130 1.
153 1065 440 1128 Oasaavavnrus
454 1063 539 1126 libro
558 1066 718 1146 superiori
735 1065 903 1130 Christum
919 1086 989 1132 esse
1001 1071 1142 1152 primum

62 1149 199 1214 medium
224 1149 425 1230 exequenda
452 1150 632 1214 electionis.
679 1151 804 1216 Verrius
822 1161 859 1214 ut
879 1157 1031 1236 capiatur
1048 1160 1143 1234 ratio,

62 1255 116 1300 cur
130 1235 427 1298 necessarium'fnit
444 1235 612 1298 Christum
630 1239 742 1300 venire
758 1241 790 1298 in
804 1238 976 1316 mundum,
1001 1249 1037 1302 ut
1048 1236 1144 1308 nobis

61 1319 1144 1494 tuttti‘ttitt‘tiiiiitiittiiiimxiiii?it:

62 1492 282 1555 satisfactione
298 1510 364 1554 non
380 1495 524 1573 potuisse
540 1493 647 1556 Deum
662 1493 809 1558 homines
824 1496 960 1560 salvara.
1005 1497 1036 1560 2.
1051 1499 1141 1564 ,Non

60 1597 189 1640 necesse
219 1577 318 1640 fuisse
348 1583 458 1640 tamen
486 1585 523 1640 nt
552 1585 742 1660 peccatores
768 1582 828 1662 ipsi
853 1582 1067 1650 satisfaceret.
1110 1585 1143 1650 8.

63 1663 251 1746 oportuisse
267 1667 304 1724 nt
315 1681 454 1744 persona
468 1663 581 1746 aliqua
595 1663 708 1728 divina
722 1667 936 1732 satisfaceret.

100 1749 142 1812 11.
167 1747 295 1812 Verum
323 1755 402 1810 ante
427 1752 539 1814 omnia
561 1751 697 1812 verbnm
721 1750 898 1816 dicendum
922 1757 973 1816 est
997 1753 1039 1816 de
1059 1774 1143 1820 vocs

63 1835 317 1917 satisfactionis.
363 1833 441 1896 Vox
455 1838 518 1896 ista
533 1835 648 1900 crebrd
663 1837 683 1898 d
697 1835 824 1900 Latinis
836 1845 993 1920 usurpata
1008 1845 1068 1904 est.
1116 1841 1143 1904 1.

66 1920 145 1982 Cum
160 1919 305 2002 aliquem
321 1919 416 1984 alteri
441 1939 565 1984 morem
580 1939 706 2002 gerere,
728 1928 763 1984 et
784 1923 857 2004 ejus
872 1921 1069 1988 desiderium
1084 1926 1145 1986 isa·

62 2006 157 2090 piare,
179 2005 364 2087 significare
379 2005 547 2080 sotebant,
569 2009 862 2086 eumscisssucarc,
884 2015 967 2072 teste
986 2007 1146 2090 Ulpiano,

63 2091 224 2154 dicebant.
257 2091 289 2154 2.
300 2090 514 2173 Sniirp‘acsra,
530 2111 665 2174 quoque
676 2093 703 2154 is
714 2093 897 2169 dicebatur,
913 2095 969 2176 qui
981 2095 1033 2157 sel
1043 2095 1145 2172 facto,

62 2177 110 2240 rel
126 2177 234 2240 verbis
249 2177 431 2240 testabatur
441 2176 501 2240 sibi
517 2175 639 2251 dolere,
654 2177 741 2260 quod
751 2178 891 2242 alterum
907 2179 1052 2256 ferisset,
1069 2182 1145 2244 ulti-

61 2261 1145 2434 {timebit'tibit'ittitiii,igiiisffftitf‘zit

60 2435 208 2498 solvebat
222 2431 383 2508 debiturn,
404 2441 438 2496 et
453 2433 613 2496 liberabat
628 2435 746 2508 fidema
767 2442 828 2498 aut
839 2455 941 2516 quum
957 2439 1029 2518 quis
1041 2439 1148 2512 solse-

62 2521 126 2597 bat‚
149 2519 241 2603 quod
255 2519 339 2584 alius
354 2517 507 2594 debebat,
529 2519 582 2580 sel
597 2521 807 2601 equivalens,
829 2520 1002 2582 dicebatur
1019 2541 1148 2604 qnoque

61 2607 260 2670 satisfacere.
284 2607 334 2667 ·4.
357 2604 459 2688 Apud
480 2603 595 2668 Patras
610 2607 717 2668 omnis
742 2607 927 2688 peccatoris
958 2609 1147 2688 penitentis

61 2701 153 2756 aotns
162 2691 414 2773 satisfactionis
423 2693 556 2756 nomine
566 2689 729 2766 veniebat,
741 2697 776 2754 et
786 2708 827 2756 ea
836 2710 921 2754 voce
930 2689 1149 2774 designabant

62 2781 220 2862 imprimis
235 2777 368 2859 publica
386 2777 598 2859 poenitentiae
613 2779 812 2851 testimonia,
844 2797 919 2859 quse
934 2777 975 2842 ab
991 2779 1066 2853 iliis,
1088 2782 1148 2862 qui

61 2865 90 2926 iu
107 2879 212 2945 grase
227 2861 363 2944 aliquod
379 2869 552 2945 peccatum
568 2861 764 2937 inciderant,
786 2863 918 2946 publice
929 2863 1092 2942 solebant,
1104 2863 1149 2928 ad

61 2949 205 3014 fidelium
236 2947 497 3022 edificationem,
527 2955 561 3010 at
588 2947 776 3012 offendiculi
799 2947 868 3012 dati
893 2953 1148 3030 reparationem,

61 3036 221 3100 exbiberi.
264 3035 294 3096 d.
313 3034 356 3104 ¹ln
370 3034 432 3096 bac
448 3033 596 3108 materia,
617 3051 716 3112 quam
734 3038 926 3108 tractamus,
947 3036 1148 3112 satisfacere

61 3123 156 3198 sumi,
180 3139 241 3203 pro
257 3120 443 3202 persolvere
458 3117 502 3192 id,
525 3115 612 3198 quod
619 3118 750 3198 justitia
764 3116 876 3178 divina
890 3119 1149 3198 dpeccatoribcs

60 3207 227 3290 erigebat,
261 3225 320 3286 pro
353 3210 565 3287 peccatorum
590 3200 719 3267 debitis.
771 3199 965 3284 Respondet
993 3203 1051 3282 illa
1082 3223 1148 3268 vox

62 3291 186 3356 Latina
214 3291 351 3354 vocibus
380 3289 553 3357 Hebraicis
583 3302 654 3364 ma,
683 3302 765 3358 tas:
797 3293 830 3352 et
854 3287 992 3351 vocibus
1013 3288 1149 3367 Grecis,

62 3397 153 3460 λντςοι,
171 3375 323 3458 ἀντίλυτρον,
337 3373 659 3458 ἂνολύτςυσις,ἰλασμο’ς,
680 3377 741 3438 dte.
906 3439 910 3448 ,

101 3465 167 3530 111.
216 3463 280 3526 His
296 3465 421 3545 positis,
446 3471 482 3524 nt
496 3459 539 3524 ad
556 3466 694 3544 primam
717 3463 930 3544 questionem
946 3464 1149 3544 propositam

60 3555 244 3623 veniamus,
277 3553 355 3612 sane
383 3548 529 3630 pluribus
552 3553 756 3629 argumentis
781 3567 847 3610 non
870 3567 955 3631 opus
978 3554 1074 3622 esset,
1106 3547 1150 3610 ad

58 3634 279 3702 evincendam
295 3635 527 3697 satisfactionis
543 3637 793 3709 necessitatem
816 3637 950 3698 unicum
967 3631 1149 3696 illudsuffi-

58 3731 150 3786 ceret
167 3724 310 3804 petitum
332 3723 352 3782 d
368 3730 472 3784 morte
490 3719 624 3784 Christi.
641 3739 645 3746 ’
680 3721 770 3782 Nam
785 3723 811 3784 si
828 3721 1018 3783 nullatenus
1039 3737 1151 3782 neces·

57 3811 185 3872 sarium
210 3807 275 3870 fuit
299 3807 488 3870 satisfacere
503 3805 644 3870 iustitia
661 3804 780 3869 divina
806 3825 866 3887 pro
891 3807 1046 3888 peccatis,
1068 3807 1151 3871 acsi

58 3891 152 3957 Dens
161 3895 274 3976 potuit
289 3910 494 3965 nosservara
504 3891 630 3972 absque
640 3891 697 3952 tali
708 3891 944 3964 satisfactione,
959 3895 1039 3952 sane
1053 3909 1151 3956 nemo

56 3987 311 4060 potestcapere,
323 3975 379 4060 qui
391 3977 587 4050 factumest,
600 3982 638 4037 nt
650 3975 1150 4040 Patervotueritdilectissimnm

57 4065 185 4128 Frtrnm
213 4069 247 4126 et
275 4063 593 4135 innocentissimum,
614 4061 845 4124 crudelissimae
868 4071 903 4126 et
927 4063 1151 4142 ignominiosa

52 4155 157 4214 morti
175 4149 338 4232 objicere;
360 4169 422 4212 nec
449 4148 517 4210 ulia
532 4147 616 4212 ratio
632 4153 700 4208 tam
714 4146 887 4228 stupenda
901 4147 1152 4230 dispensationis

53 4237 152 4300 reddi
172 4242 292 4318 potest,
314 4241 432 4318 praeter
447 4233 716 4306 satisfactionem,
739 4251 894 4315 quse-pro·
906 4231 1000 4296 nobis
1015 4233 1151 4318 J’ustitias

54 4321 181 4388 divine
192 4321 367 4406 pendenda
381 4325 473 4386 erat.⁴
507 4319 541 4386 Si
558 4321 657 4390 unico
673 4324 754 4386 nutu
768 4325 907 4403 peccata
915 4321 1026 4386 omnia
1035 4327 1150 4386 nostra
