2986 5160
349 433 419 508 ,464
719 478 725 490 .
762 443 873 494 renas
898 439 1032 508 apuu.

1378 516 1438 570 Pege.

356 605 436 670 vita
453 605 528 680 Dei,
550 603 707 678 astiti
722 607 855 678 aterna
871 601 978 686 qualis
993 599 1079 668 erili
1312 647 1349 674 ...
1374 607 1436 669 345

353 727 439 744 --
457 689 602 754 Foederis
617 697 742 754 natura
759 692 928 771 promissio
943 695 993 751 est
1145 731 1350 750 ......
1378 693 1431 754 181

355 777 479 841 Unctio
493 775 742 858 Prophetarum,
754 775 969 838 Sacerdotum
981 781 1015 836 et
1029 773 1156 856 Regum
1174 773 1234 836 snb
1251 777 1355 838 veteri
1488 823 1489 840 .

398 861 623 938 Testamenta,
638 861 713 924 260.
745 861 777 924 J.
796 859 918 924 Christi
934 859 975 924 ad
992 879 1052 922 sua
1070 879 1206 922 munera
1375 861 1433 938 260

357 949 445 1012 Unio
459 950 543 1012 inter
558 951 700 1010 animam
714 954 748 1010 et
763 965 894 1028 corpus.
946 943 1029 1008 Vide
1053 944 1266 1027 Conjunctio.

353 1063 439 1084 --·
454 1035 540 1096 inter
552 1032 675 1096 Christi
689 1033 844 1095 Divinam
859 1031 1102 1112 humanamque
1113 1031 1354 1106 naturama‘sa.
1488 1083 1489 1106 ,

397 1119 516 1185 allecta
532 1121 625 1194 istius
648 1117 777 1180 unionis
800 1115 995 1198 multiplicia
1016 1125 1186 1188 nomntur,
1201 1117 1273 1178 284.
1295 1137 1370 1200 per·

381 1205 487 1267 ‚illam
501 1205 649 1266 humanm
662 1203 785 1266 Christi
797 1209 922 1266 natura
932 1221 1067 1266 summae
1078 1201 1208 1284 quidem
1218 1203 1273 1264 sed
1286 1223 1353 1266 non

395 1289 529 1353 infinita
543 1289 638 1354 dotes
650 1289 799 1371 adeoque
814 1287 912 1350 nnllae
928 1289 1145 1371 proprietates
1159 1287 1287 1350 Divina
1298 1307 1354 1350 na-

396 1377 839 1442 turacommnnicataesnnt
1158 1417 1350 1434 .....
1375 1373 1437 1436 234

353 1491 438 1512 --
453 1459 596 1524 fidelium
618 1480 695 1524 cnm
720 1459 863 1536 Christo,
886 1456 1051 1542 quomodo
1077 1461 1111 1522 in
1134 1457 1353 1522 Sacramenris

398 1547 568 1610 confertur
976 1587 1349 1605 .........
1374 1545 1435 1606 886
1488 1521 1489 1614 l

355 1630 472 1698 Unitas
488 1631 550 1694 Dei
567 1631 716 1715 probata,
732 1633 785 1693 55.
811 1631 928 1694 Unitas
947 1629 1114 1706 Ecclesiae,
1130 1629 1226 1710 qua?
1375 1631 1433 1690 351

357 1718 510 1794 Vocatio,
523 1737 586 1800 quo
599 1737 694 1780 sensu
706 1737 746 1779 ca
762 1735 827 1779 vox
838 1718 872 1778 in
881 1716 913 1777 S.
928 1715 1099 1796 Scriptura
1110 1723 1268 1789 sumatur,
1278 1714 1352 1778 278.

276 1839 280 1846 ·
396 1803 509 1870 Quare
519 1805 632 1883 gratiae
649 1802 778 1866 Divinae
790 1821 873 1884 opus
888 1803 936 1863 ita
946 1800 1086 1876 dicatur,
1101 1801 1175 1862 278.
1192 1809 1241 1862 cet
1251 1819 1291 1862 ea
1302 1801 1355 1864 vel

395 1895 535 1952 externa
549 1888 601 1950 rel
624 1890 775 1962 latemur
798 1905 938 1969 quarum
958 1887 1191 1950 convenientia
1205 1895 1239 1948 et
1263 1887 1355 1948 dille·

395 1975 504 2038 rentia
528 1973 726 2057 explicatur,
747 1973 820 2036 279.
843 1979 894 2036 est
908 1979 942 2035 at
962 1972 1128 2036 ordinaria
1144 1973 1196 2035 rel
1210 1979 1357 2036 extraor·
1488 2023 1489 2032 ,

396 2059 525 2122 dinaria
639 2101 844 2122 ......
1150 2101 1354 2120 ......
1378 2057 1441 2119 279

355 2145 542 2209 vocatione
557 2141 694 2210 externa
711 2147 860 2226 quamvis
876 2143 969 2206 Dens
991 2163 1058 2206 non
1081 2141 1232 2207 intendat
1248 2161 1352 2226 repro·
1488 2165 1489 2232 p

396 2229 512 2290 borum
525 2229 677 2302 salutem,
688 2237 799 2292 tamen
813 2249 869 2319 cop
881 2227 1032 2294 vocando
1045 2232 1187 2292 maxime
1198 2231 1359 2310 seriosgit
1380 2229 1438 2292 281
1488 2269 1489 2294 t

279 2327 282 2335 ·
355 2307 498 2371 vocatio
514 2306 654 2381 interpa,
670 2321 771 2387 qnare
786 2313 1008 2386 assensistis
1025 2323 1060 2369 or
1075 2314 1354 2378 Sanctificauoac
1435 2369 1437 2374 .
1488 2353 1489 2386 3

397 2391 580 2454 Conversio
595 2387 810 2454 nominetur?
832 2407 970 2473 quarum
984 2411 1104 2454 vocum
1120 2393 1283 2456 distinctio
1295 2415 1355 2456 no·

397 2483 499 2553 tatur,
514 2477 589 2540 281.
613 2477 710 2538 sarira
722 2473 766 2538 ad
777 2477 987 2540 vocationem
1000 2478 1163 2541 internam
1179 2479 1354 2541 observati-

396 2583 490 2640 ones,
505 2563 579 2624 282.
602 2561 657 2626 Ad
672 2579 744 2624 cam
765 2562 943 2643 requiritur
958 2562 1149 2628 immediata
1164 2564 1220 2646 Sp.
1233 2564 1265 2625 S.
1281 2583 1356 2647 ope-

398 2651 503 2724 ratio,
521 2649 595 2712 288.
619 2645 737 2710 modus
762 2647 962 2730 operationis
985 2649 1039 2730 Sp.
1069 2649 1103 2713 S.
1125 2655 1159 2712 in
1187 2653 1360 2714 vocatione

398 2730 539 2807 internlt,
556 2735 630 2798 284.
652 2733 709 2814 qui
726 2739 776 2796 est
791 2731 889 2814 plane
904 2733 1112 2797 irresistibilis
1151 2779 1356 2796 ......
1380 2735 1445 2802 285

356 2854 485 2893 ,uu—-
501 2819 729 2884 Ministrorum
750 2821 827 2880 novi
844 2817 1047 2882 Testamenti
1069 2819 1263 2904 quotuplex,
1288 2824 1363 2885 864.

399 2913 450 2970 est
463 2903 554 2968 eaad
570 2903 865 2968 ministeriimunus
875 2904 1096 2970 exercendum
1108 2910 1299 2978 necessaria,
1316 2907 1359 2972 ib.

400 3007 600 3076 quamquam
615 2993 647 3052 in
661 2995 752 3051 certo
762 2987 905 3070 quodam
922 3007 1000 3053 casu
1012 2991 1163 3055 absolute
1178 2999 1362 3056 necessaria

401 3097 467 3140 non
484 3079 536 3150 sit,
548 3077 620 3137 865.
639 3073 834 3138 Vocationis
844 3075 901 3156 jus
910 3077 1114 3156 originaliter
1129 3089 1163 3140 et
1175 3077 1362 3142 radicaliter

400 3163 443 3226 ad
459 3162 641 3226 Ecclesiam
656 3162 809 3243 pertinet,
824 3161 867 3223 it.
885 3160 965 3243 quid
982 3161 1023 3224 de
1041 3161 1227 3246 Vocaticne
1243 3163 1358 3228 Reior·
1488 3201 1489 3234 2

403 3253 566 3312 matorum
584 3241 783 3310 censendum
980 3291 1355 3312 .........
1380 3251 1446 3314 867

363 3335 527 3417 Voluntas
555 3332 631 3408 Dei,
656 3331 709 3396 68.
732 3329 900 3413 quomodo
925 3331 1157 3416 distinguatur,
1184 3336 1236 3398 69.
1268 3335 1361 3398 nulla

403 3423 488 3483 inter
505 3418 707 3480 voluntatem
723 3415 845 3482 decreti
862 3423 897 3480 et
912 3423 1063 3502 pracapti
1080 3426 1131 3484 est
1146 3421 1363 3484 contrarietas
1408 3421 1452 3482 69

363 3501 501 3579 Votum,
526 3499 634 3586 quid?
655 3521 696 3566 ac
718 3501 924 3568 conditiones
948 3505 1019 3586 ejus
1035 3505 1158 3586 quales,
1173 3509 1247 3570 888.
1272 3505 1363 3570 Vota

404 3593 578 3656 temeraria
592 3588 721 3652 allevia
737 3585 871 3672 qualia?
893 3609 1031 3674 quaque
1050 3587 1256 3656 interdicta?
1384 3591 1453 3654 822
1488 3657 1489 3672 .

363 3759 621 3849 ZelotypiaDei
646 3803 851 3822 ......
1155 3807 1192 3830 Α
1409 3763 1453 3824 74
