2994 4996
355 463 404 552 ἐξ
670 501 874 580 rmonosm
896 505 1121 561 cnnrsrm-se.
1294 489 1384 582 [bit.
1398 491 1447 558 li.

325 684 328 692 ·
358 657 489 743 concipi
505 657 576 724 sine
588 659 809 746 perlectione;
830 687 909 752 ergo
922 669 1106 733 necessaria
1116 667 1293 732 existentia
1307 667 1449 752 pertinet

359 745 403 809 ad
419 755 570 810 naturam
590 745 664 813 Dei.

403 832 447 896 ll.
473 831 620 897 Ulterius
639 835 702 900 boc
718 837 766 902 ita
779 841 961 922 enincitnr3
982 841 1008 903 si
1022 841 1116 906 Dens
1128 861 1194 906 non
1207 849 1256 904 est
1271 859 1330 902 ene
1344 857 1450 904 acces·

357 921 454 982 sarid
468 923 625 998 astetens,
648 933 757 1006 posset
773 925 950 1009 aliqnando
967 947 1033 992 non
1049 947 1142 1004 esse3
1174 931 1200 990 si
1216 937 1327 992 autem
1349 943 1450 1012 pona·

359 1009 413 1067 tur
439 1005 617 1090 aliqnando
643 1029 709 1072 non
734 1030 815 1090 esse,
837 1015 900 1076 erit
924 1012 1022 1096 plane
1043 1014 1263 1098 impossibilis,
1285 1031 1360 1076 nam
1383 1029 1450 1074 non

360 1095 485 1172 poterit
499 1093 541 1154 ab
556 1093 622 1156 alio
638 1115 719 1170 esse,
735 1100 813 1180 qnia
830 1098 958 1162 nullum
970 1119 1028 1164 eus
1044 1097 1128 1164 aded
1143 1099 1326 1184 perlectum
1342 1097 1452 1162 conci·

360 1177 461 1258 pitnr,
483 1181 582 1261 quim
607 1179 711 1254 Dens,
734 1183 862 1246 nullum
884 1204 964 1266 ergo
985 1205 1043 1248 ens
1067 1191 1178 1274 posset
1193 1184 1343 1248 conferre
1357 1181 1453 1246 alteri

361 1263 599 1343 perfectionem
616 1265 683 1349 qni
699 1269 806 1350 ipsqm
822 1278 960 1334 careret.
1007 1272 1039 1336 A
1064 1291 1100 1336 ac
1124 1265 1200 1356 'apso
1225 1291 1292 1334 non
1318 1270 1391 1346 erit,
1413 1287 1452 1332 ec

359 1349 432 1432 ipso
448 1369 517 1436 qno
535 1358 668 1434 ponitur
684 1373 751 1418 non
767 1361 859 1432 esse;
881 1376 960 1438 ergo
975 1359 1038 1420 erit
1053 1355 1272 1440 impossibilis.

408 1435 472 1500 lll.
497 1433 551 1500 Ex
577 1437 625 1500 bis
651 1443 790 1505 resultat
816 1439 1018 1519 AElcrnitaa,
1049 1463 1125 1506 nam
1153 1441 1243 1526 quod
1271 1441 1455 1506 necessaria

362 1523 487 1602 existit,
502 1521 536 1586 id
553 1543 721 1608 nunqnam
740 1533 849 1610 potest
864 1549 930 1592 uon
947 1529 1099 1606 existere,
1114 1527 1263 1610 adeoque
1279 1547 1340 1616 pec
1356 1523 1456 1590 babet

363 1609 505 1683 initium,
521 1629 583 1672 nec
599 1611 696 1674 linem
715 1613 835 1686 babere
849 1621 969 1698 potest.
1017 1615 1091 1678 Deo
1107 1619 1219 1678 antem
1234 1614 1458 1678 maranata»

364 1702 564 1778 competere,
587 1697 792 1768 demonstrat
809 1701 879 1784 ipsa
895 1703 990 1764 ratio.
1037 1699 1112 1764 Hoc
1128 1703 1216 1782 ipsos
1231 1699 1382 1762 ethnicos
1398 1699 1456 1760 mi·

365 1782 453 1844 nime
468 1781 580 1857 latnit;
604 1783 741 1848 Procius
752 1789 770 1848 ὲ
783 1785 932 1850 Platonis
947 1787 1156 1871 sequacibus,
1172 1781 1333 1868 probabat
1345 1782 1458 1846 Deum

304 1875 310 1890 ·
363 1885 434 1930 esse
449 1874 621 1944 aternum,
643 1869 733 1952 qnod
750 1891 808 1954 per
823 1891 857 1936 se
873 1873 926 1936 sit.
970 1869 1092 1934 Thales
1113 1873 1197 1934 banc
1215 1871 1279 1934 Dei
1295 1869 1457 1932 definitio-

364 1971 440 2016 nem
457 1953 575 2028 dabat3
599 1953 692 2027 Quod
705 1962 798 2022 caret
809 1959 984 2044 principio
998 1961 1095 2042 cique
1102 1955 1176 2038 fine
1184 1977 1197 2029 ;
1221 1955 1377 2038 rebusque
1391 1974 1457 2018 om·

364 2039 462 2104 mous
492 2041 725 2124 antiquiorem,
755 2064 814 2108 nec
839 2063 985 2124 anquam
1009 2045 1162 2128 genitum
1190 2061 1270 2120 case,
1303 2041 1457 2106 docebat.

366 2123 493 2190 Verum
516 2127 603 2212 qnod
626 2131 710 2192 ratio
737 2128 846 2204 docet,
875 2129 957 2192 illud
981 2129 1080 2210 longe
1105 2127 1226 2192 clarius
1252 2125 1458 2192 demonstrat

364 2215 439 2274 tota
453 2213 634 2296 Scriptura.
679 2215 733 2280 Ps.
750 2217 790 2277 cii
819 2215 870 2276 26.
888 2213 941 2278 27.
958 2213 1010 2279 28.
1049 2215 1174 2278 Psaltes
1195 2231 1392 2298 comparans
1409 2232 1459 2276 res

364 2315 437 2379 qum
454 2302 538 2360 inter
554 2299 697 2362 visibiles
712 2302 855 2364 maxime
874 2311 951 2364 sunt
973 2305 1215 2384 permanentes,
1237 2299 1357 2366 cmlnm
1373 2299 1460 2363 scili·

364 2390 419 2446 cet
445 2401 480 2450 et
505 2391 638 2460 terram,
661 2384 761 2452 docet
786 2385 843 2450 illa
868 2387 1048 2470 aliqnando
1076 2385 1230 2450 babuisse
1255 2385 1400 2458 initium,
1428 2389 1461 2448 et

364 2467 463 2534 linem
492 2471 665 2550 habitura;
695 2473 805 2536 Deum
834 2478 912 2536 verd
938 2492 1130 2556 permanere
1155 2492 1306 2558 semper;
1341 2473 1460 2547 Initia

365 2559 484 2640 inquit,
516 2555 569 2620 Ta
585 2556 725 2624 nemim
740 2563 862 2622 ter-rum
875 2558 1042 2640 swtdaeti
1073 2563 1106 2624 et
1119 2578 1221 2640 opera
1235 2577 1393 2624 manum
1409 2561 1460 2622 tac·
1489 2597 1490 2602 κ

367 2663 465 2708 arem
491 2647 570 2710 snat
596 2649 696 2720 coeti5
732 2647 804 2726 ipsi
820 2645 985 2726 peribunt.
1015 2646 1066 2710 'I'n
1085 2649 1198 2708 autern
1220 2645 1461 2730 pcnaanca‚tet

366 2747 476 2792 omnes
499 2732 570 2810 ipsi
591 2731 682 2795 sicut
705 2733 934 2796 bestiunculam
952 2734 1165 2804 venraecern,
1186 2737 1217 2794 et
1232 2734 1321 2812 aient
1335 2731 1460 2810 operto

365 2817 455 2879 rium
470 2815 618 2880 mutabas
632 2837 697 2892 ecs,
719 2823 750 2879 ct
765 2817 991 2880 mutabuntur.
1041 2815 1093 2882 Ta
1106 2821 1217 2882 antem
1231 2813 1319 2880 idem
1330 2819 1406 2898 ipsc
1417 2835 1462 2890 ea,

365 2907 398 2968 ct
424 2901 507 2968 niani
532 2903 662 2968 ruiana
686 2899 848 2982 deficienti
904 2899 992 2966 Eunt
1015 2903 1115 2966 etiam
1139 2901 1246 2964 solnm
1264 2901 1387 2964 babere
1404 2905 1462 2964 inr-

365 2989 603 3052 mortalitatem
629 2988 728 3052 docet
750 2987 881 3054 Paulas
910 2982 1023 3050 lTi'm.
1039 2991 1059 3050 i.
1081 2987 1128 3050 16.
1155 2987 1234 3072 quia
1255 2987 1345 3050 solus
1369 2993 1463 3049 caret

364 3076 530 3161 principio
547 3083 581 3136 et
596 3073 672 3138 flue.
715 3075 826 3138 Tanta
841 3079 891 3136 est
906 3072 964 3136 illa
978 3073 1150 3156 perfectio,
1164 3081 1203 3136 nt
1213 3072 1295 3135 nulli
1309 3075 1355 3134 rei
1371 3091 1463 3136 com·

367 3161 530 3228 municarl
547 3164 659 3242 possit.

411 3245 477 3310 1v.
498 3243 808 3310 AEteruitasantem
821 3245 953 3328 proprie
968 3243 1069 3320 dicta,
1085 3243 1190 3325 qualis
1203 3243 1278 3307 Deo
1288 3247 1466 3328 competit,

368 3335 450 3398 Tria
465 3339 578 3395 notat:
618 3333 646 3396 1.
666 3331 787 3395 Carere
798 3330 980 3413 principio,
1005 3327 1260 3410 8.-carercfine,
1291 3333 1321 3394 3.
1346 3349 1467 3394 carcre

366 3425 582 3484 successione.
629 3418 668 3480 Iu
690 3419 874 3481 eternitate
897 3418 983 3478 enim
1001 3433 1068 3478 uon
1091 3417 1296 3498 concipimus
1321 3418 1415 3500 prins
1431 3422 1466 3480 et

367 3507 543 3590 posterius,
567 3523 718 3586 presens,
742 3506 954 3586 preteritum.
968 3509 1002 3563 et
1026 3501 1189 3578 futurum,
1213 3501 1325 3566 Deum
1342 3505 1466 3584 princi·

367 3595 424 3676 pio
439 3599 474 3653 et
489 3589 553 3652 fine
568 3607 692 3662 carere,
715 3609 812 3652 uerno
833 3585 985 3649 dubitare
1001 3593 1120 3668 potest,
1142 3585 1198 3650 sed
1216 3591 1387 3670 quaeritur,
1420 3606 1466 3650 an

366 3695 484 3742 revera
500 3675 591 3748 nulla
607 3677 640 3738 in
658 3675 767 3738 Deum
785 3671 905 3736 cadere
920 3675 1023 3756 possit
1039 3671 1171 3736 duratio
1187 3675 1400 3760 successiva.¹

412 3761 454 3827 V.
479 3759 568 3826 lllnd
584 3761 691 3824 latedr
706 3761 726 3822 i
742 3759 835 3822 nobis
851 3757 1087 3842 comprehendi
1105 3760 1231 3844 nequit,
1248 3761 1303 3842 qui
1317 3759 1359 3822 de
1371 3767 1470 3822 teter·

367 3851 473 3914 nitate
484 3845 638 3930 judicare
653 3845 808 3918 solemus,
834 3852 869 3905 nt
885 3843 927 3908 de
944 3853 1106 3930 tempore,
1127 3853 1161 3908 et
1176 3845 1232 3932 qni
1247 3843 1321 3908 Deo
1337 3843 1468 3925 affingi·

368 3926 452 4010 mus,
475 3953 545 4016 quae
573 3931 759 3996 hominibus
786 3929 915 3994 lanttlm
942 3931 1157 4008 conveniunt,
1203 3929 1330 3994 Verum
1357 3933 1471 3994 molta

368 4022 515 4100 obstant,
531 4017 707 4100 quominus
718 4014 793 4078 Deo
805 4015 1014 4080 durationem
1025 4018 1242 4080 successivam
1255 4013 1470 4097 affingamus.

413 4105 474 4170 Vl.
500 4104 642 4168 Duratio
670 4101 801 4186 proprie
828 4103 995 4185 loquendo
1027 4103 1161 4187 respicit
1190 4121 1256 4166 nou
1287 4104 1484 4166 essentiam*

369 4211 490 4266 rernm,
513 4189 569 4254 sed
598 4207 711 4254 earum
739 4189 960 4266 existentiam,
982 4199 1143 4274 quatenns
1170 4189 1358 4270 concipitur
1381 4189 1473 4249 exis-

368 4279 485 4350 tentia,
509 4283 545 4338 nt
562 4273 640 4358 qnid
656 4273 849 4338 distinctum
867 4275 908 4338 ab
925 4277 1076 4340 essentia.
1122 4275 1231 4338 Nemo
1252 4275 1339 4336 enim
1356 4293 1474 4336 essen·

369 4365 422 4426 tiae
450 4363 608 4445 trianguli
634 4382 664 4426 ι.
680 4381 714 4445 g.
740 4357 949 4426 durationem
976 4359 1161 4444 adscripsit.
1223 4359 1274 4426 At
1298 4357 1483 4424 aeternitas
