3000 5006
72 497 205 589 copo]
379 516 426 566 ns
449 513 653 566 vocsrrous
675 515 720 566 ιτ
736 515 831 566 uns.
1085 505 1149 572 297

71 674 221 754 filialem,
244 676 283 736 ut
307 679 441 750 vocant,
463 673 521 757 qui
542 673 690 738 consistit
711 674 745 736 in
764 673 962 750 bumilitate,
985 679 1155 747 mnunuss

73 764 238 844 proposito
250 759 321 822 Deo
331 759 535 833 adserendi,
549 767 585 824 et
603 759 818 822 solicitudine
830 761 987 824 suarim
1000 764 1023 822 d
1033 781 1153 844 peccu-

77 851 117 909 tis
130 845 344 920 molismum
368 849 493 930 primns
513 847 612 908 timor
629 853 683 906 est
702 849 835 912 deiram
849 863 927 908 cum
942 848 1153 919 certitudine,

78 931 237 994 secundus
252 949 319 992 noo
334 931 413 994 item
427 952 436 1007 ;
460 929 546 994 tollit
557 931 647 993 euim
664 933 875 994 securitatem
893 931 1069 1002 camsism.
1085 951 1153 996 non

75 1023 146 1080 vero
158 1035 270 1079 veram
282 1015 427 1080 bdelium
443 1017 685 1080 certitudinem.
719 1014 786 1082 Qui
797 1017 880 1079 certi
894 1023 973 1080 sunt
983 1015 1026 1080 de
1037 1017 1155 1094 utute,

76 1104 188 1165 timent
208 1105 350 1164 maxime
370 1109 558 1186 peccatum,
580 1101 670 1184 quod
692 1099 769 1164 odio
793 1101 927 1176 babent,
950 1107 1067 1185 utpote
1089 1102 1155 1166 Dei

73 1186 1158 1357 tticitttttitzmsttifftffitzti“iitttttttttti

113 1358 252 1433 Quarto,
284 1359 513 1422 cstuuuincm
537 1357 626 1420 iilum
654 1364 754 1438 quom
780 1355 883 1420 fidelis
911 1359 1012 1422 babet
1034 1357 1076 1421 de
1095 1356 1156 1422 snb

73 1443 187 1519 sainte,
209 1461 275 1505 non
295 1462 365 1506 esse
381 1445 588 1508 temerariam
613 1445 888 1526 presumtionem,
909 1443 1043 1526 quiaad
1070 1444 1157 1508 banc

68 1528 298 1594 certitudinem
317 1528 468 1591 bortatur
479 1529 620 1612 Spiritus
635 1527 788 1604 Sanctus,
802 1547 902 1610 quum
918 1529 999 1592 dicit
1013 1547 1086 1592 oum
1097 1531 1157 1612 psi

69 1617 173 1679 crodit
188 1614 305 1678 tubero
327 1616 435 1679 vitum
449 1621 620 1690 murnum,
641 1613 718 1676 iob.
734 1615 779 1676 iii.
796 1615 847 1680 86.
877 1633 951 1696 quss
966 1616 1066 1677 verba
1082 1615 1155 1678 nul·

68 1698 128 1762 iius
153 1719 235 1763 usus
258 1707 378 1776 essent,
401 1706 438 1762 nt
458 1705 493 1763 ct
507 1701 574 1763 ulia
599 1701 768 1782 promisso,
791 1701 816 1760 si
832 1717 948 1762 severa
973 1699 1071 1762 bomo
1087 1719 1155 1762 non

68 1794 176 1866 posset
192 1803 262 1848 esse
276 1793 386 1848 certus
403 1804 442 1846 se
458 1786 578 1850 babere
598 1785 709 1860 odem,
729 1803 771 1848 ac
793 1783 932 1866 proinde
946 1786 1048 1847 vitum
1064 1793 1157 1847 neter-

65 1887 138 1934 nam
154 1890 194 1934 se
207 1879 475 1934 consecuturum.

107 1955 244 2032 Quinto,
263 1959 390 2020 cutum
410 1975 476 2020 non
497 1955 618 2020 debere
633 1973 704 2020 esse
718 1953 860 2031 fidelem,
882 1955 944 2018 nisi
960 1951 1155 2038 quondo-vi-

67 2038 120 2104 det
146 2063 186 2105 se
206 2059 246 2103 eo
267 2051 434 2126 prestare,
463 2061 538 2126 qum
564 2039 694 2104 ducunt
719 2039 763 2104 ad
789 2041 949 2116 salntem3
970 2059 1011 2104 ao
1036 2039 1156 2106 debers

64 2125 151 2190 ilium
170 2125 405 2190 certitudinem
422 2147 492 2191 esse
508 2127 721 2210 conjunctam
738 2144 814 2190 cum
831 2127 1017 2190 sanctitatis
1031 2125 1156 2206 studim

64 2213 178 2296 iisque
196 2219 404 2294 peccatorem
427 2215 686 2297 impoenitentem
711 2231 778 2276 non
799 2209 919 2276 debere
939 2231 1011 2276 esee
1032 2209 1156 2276 desua

64 2297 171 2363 estote
188 2307 328 2374 certum,
350 2317 412 2362 neo
427 2297 568 2374 fidelem,
590 2318 694 2380 quum
710 2317 746 2362 se
761 2301 794 2360 in
812 2303 986 2380 peccatum
1002 2300 1155 2380 gravissi·

63 2401 153 2448 mum
171 2383 340 2458 cecidisse,
363 2403 425 2448 nec
438 2384 548 2446 adbuc
564 2382 756 2445 emendasse
771 2385 873 2444 vitam
890 2381 990 2444 sidet.
1146 2435 1150 2445 ,

102 2469 220 2544 david,
244 2470 487 2541 certitudinem,
509 2485 610 2548 quam
633 2463 734 2528 debet
756 2464 877 2528 habere
894 2463 1000 2528 fidelis
1024 2461 1066 2528 ds
1088 2465 1154 2531 ouo

62 2571 120 2618 sua
135 2573 180 2618 ac
196 2553 238 2617 de
255 2553 361 2616 saluts
377 2547 447 2624 sub,
470 2569 536 2612 non
552 2567 623 2611 esse
638 2547 787 2630 ejusdem
799 2549 946 2624 sotionis,
967 2567 1044 2612 cnm
1057 2554 1155 2614 certi·

62 2643 180 2704 tudine
195 2635 252 2700 itit
268 2654 367 2719 quam
384 2635 542 2698 hebemus
558 2633 599 2695 de
614 2629 824 2716 dogmatibus
839 2651 913 2717 qun
928 2639 962 2698 in
976 2633 1077 2700 verbo
1089 2634 1156 2700 Dei

61 2727 297 2788 continentur:
321 2737 397 2784 nam
412 2719 577 2784 certitudo
593 2720 662 2784 istu
677 2717 828 2783 absolute
843 2722 1026 2784 neccssaria
1040 2727 1091 2788 ert
1108 2719 1154 2787 ad

61 2809 243 2873 essentiam
265 2805 352 2881 ndei,
374 2825 441 2886 nou
465 2809 544 2869 verb
569 2807 651 2878 tum
680 2803 806 2887 absque
831 2805 894 2868 uto
916 2814 1026 2889 posset
1046 2806 1153 2872 fidelis

58 2893 198 2970 salvari,
221 2891 319 2956 modo
342 2893 566 2954 sanctimonie
593 2898 700 2953 totum
716 2909 751 2953 se
766 2889 871 2965 daret,
885 2897 921 2954 et
946 2891 1080 2956 Christo
1095 2892 1155 2956 ad·
1196 2939 1200 2952 .

60 2979 227 3050 haererem
249 2977 374 3058 absque
389 2977 459 3040 teto
474 2991 693 3057 nequequam.

99 3061 268 3148 Septinrd,
289 3061 392 3124 dubia
405 3060 447 3124 de
461 3061 567 3124 seinte
583 3079 655 3142 quis
680 3059 714 3122 in
730 3057 825 3128 nobis
846 3059 1009 3134 oriuntur,
1028 3062 1049 3122 d
1065 3059 1153 3126 maio

60 3145 247 3234 procedere
257 3147 419 3232 principio
428 3153 465 3208 ut
478 3141 729 3230 plurim'um,rsi
743 3140 842 3217 enim,
861 3145 887 3207 i.
897 3143 1098 3210 Dubitamus
1109 3145 1152 3212 de

60 3237 183 3313 solute,
198 3235 277 3316 quia
292 3251 358 3294 non
384 3231 579 3295 adhibemus
594 3229 692 3292 fidem
716 3229 882 3312 promissis
905 3228 981 3302 Dei,
998 3239 1035 3294 ut
1048 3231 1152 3296 iucre-

59 3323 147 3397 uoti,
166 3321 223 3403 qui
246 3318 402 3381 dubitant
417 3335 460 3380 on
476 3320 518 3380 sit
541 3315 645 3391 Dens,
661 3331 704 3378 an
722 3315 765 3377 sit
788 3309 988 3378 Paradisus?
1030 3315 1061 3378 2.
1087 3315 1152 3382 Vei

59 3425 99 3470 ex
115 3425 160 3470 so
178 3403 270 3488 quod
294 3401 419 3485 ubsque
436 3402 563 3466 ratione
587 3399 788 3476 dubitamus,
814 3399 931 3464 Deum.
941 3401 1151 3466 miserturum

58 3493 182 3567 nostri,
208 3495 246 3552 nt
270 3487 359 3552 verbi
386 3485 503 3572 grant,
529 3507 633 3570 quum
655 3485 771 3562 fidelis,
792 3487 847 3569 qui
862 3492 1025 3570 quonium
1042 3491 1153 3570 potest

58 3575 230 3642 incumbit
244 3575 425 3648 sanctitati,
441 3574 573 3637 dubitat
587 3571 758 3647 desolate,
773 3573 849 3656 qnia
864 3591 930 3636 non
946 3573 1036 3648 ratis,
1052 3577 1153 3656 prout

57 3663 178 3736 veliet,
195 3657 360 3743 periectos
381 3665 441 3734 est,
457 3665 517 3722 aut
537 3659 614 3743 quia
627 3658 768 3721 afflictus
791 3663 852 3721 est.
894 3659 926 3722 8.
950 3655 1015 3721 Vei
1039 3676 1083 3722 ex
1108 3675 1156 3721 ec

58 3747 153 3830 quod
172 3747 274 3810 bomo
290 3761 357 3808 non
371 3741 463 3806 sidet
478 3747 512 3808 in
527 3763 562 3806 se
577 3743 782 3808 conditiones
797 3745 1006 3818 necessarius,
1017 3742 1059 3806 ad
1075 3743 1150 3806 iun·

57 3833 212 3897 dandam
234 3827 488 3906 certitudinem
515 3827 664 3893 deiectus
685 3830 797 3910 iisque
819 3829 1076 3912 regenerationis
1099 3833 1150 3892 est

54 3937 164 3983 causo
181 3915 282 3998 bujns
304 3913 568 3991 incertitudinis3
591 3911 634 3976 ad
654 3909 802 3974 sanando
822 3917 858 3976 et
871 3909 1080 3978 discutienda
1092 3911 1151 3978 illa

56 4003 166 4070 dobin
180 4003 296 4087 igitur,
310 4001 402 4068 recti
416 3997 461 4066 sd
475 4000 636 4086 originem
651 3997 730 4065 maii
743 3995 989 4068 ascendendum
1003 4003 1064 4085 cst.
