3000 4998
47 511 122 593 cap.
138 507 187 596 5.]
386 517 389 524 ’
435 525 483 576 aa
505 525 724 580 usuraroas.
1059 513 1124 582 219

45 691 104 745 tum
122 681 166 744 ad
183 679 447 763 prophetandum
464 685 704 748 excitabantur.
737 683 820 748 atie
834 685 1030 762 ordinariae,
1042 707 1121 772 qua·

44 770 83 830 les
105 770 213 850 prima
229 770 433 844 sacerdotes,
457 789 593 851 quorum
611 789 696 832 unus
709 789 855 833 summus
873 779 943 834 erat
958 776 1122 849 sacerdos,

44 855 130 934 cujus
153 853 329 933 singularis
352 857 564 930 enumeratio,
586 857 760 938 singularis
785 861 935 931 mantua,
956 861 1120 940 singulare

45 957 158 1000 munus
184 940 260 1012 luit,
291 941 408 1020 et‘qui
433 943 611 1022 quotannis
637 945 765 1004 tantum
793 943 893 1005 semel
919 947 952 1004 et
975 945 1062 1006 solus
1087 948 1121 1006 in

44 1026 262 1086 sanctuarium
278 1025 535 1104 ingrediebatur,
558 1032 595 1088 ut
610 1033 715 1090 suaet
731 1027 863 1090 lamiliae
875 1047 953 1104 anre,
975 1037 1009 1091 et
1022 1031 1123 1091 totius

44 1109 148 1191 papali
162 1117 301 1191 peccata
312 1129 378 1172 nan
389 1114 459 1173 aide
469 1115 628 1194 sanguine
637 1115 860 1194 expiarentur.
885 1112 951 1176 Alii
964 1121 1059 1176 erant
1074 1115 1124 1176 in·

36 1197 170 1274 serioris
181 1197 322 1264 ordinis,
331 1198 385 1277 qui
398 1198 675 1273 sacralaciebant,
687 1197 856 1280 lampadas
867 1201 900 1260 in
914 1200 1027 1282 templi
1038 1202 1123 1261 atrio

44 1281 244 1343 instruebant
274 1289 308 1342 et
332 1285 570 1360 accendebant,
602 1301 693 1346 aram
732 1283 967 1360 emundabant,
998 1287 1124 1347 cineres

44 1367 242 1438 cremabant,
260 1367 424 1446 prolanas,
441 1371 653 1452 impurosque
667 1371 688 1430 a
703 1370 816 1451 templi
832 1372 943 1432 limine
954 1371 1124 1444 arcebant,

45 1452 184 1534 qnalibet
208 1453 376 1512 Sabbatha
402 1469 504 1536 panes
529 1473 638 1516 sacros
665 1457 851 1515 recentibus
877 1455 1122 1533 permutabant,

46 1536 154 1598 mores
168 1537 358 1610 adolebant,
375 1552 490 1600 manus
506 1539 630 1618 popule
642 1555 719 1598 cum
734 1535 963 1600 benedictione
975 1542 1123 1622 impone·

45 1621 128 1696 hant,
149 1629 185 1683 et
209 1641 275 1682 una
291 1641 367 1682 aum
389 1639 518 1682 summo
534 1619 705 1682 sacerdote
726 1631 884 1704 perpetua
907 1626 1123 1686 successionis

44 1705 131 1778 serie}
151 1725 194 1768 ex
210 1705 351 1768 Aaronis
367 1703 491 1767 lamilih
506 1709 581 1778 orti,
603 1723 661 1788 per
684 1705 767 1768 illias
782 1707 853 1788 ejus
871 1707 1064 1770 Eleazarum
1087 1716 1122 1772 et

45 1793 243 1854 ithamarum
266 1791 531 1866 descendebant3
554 1793 587 1852 in
604 1791 721 1853 classes
738 1793 853 1872 viginti
870 1801 1015 1874 quatuor
1030 1794 1123 1858 luera

41 1877 194 1950 distincti,
222 1893 358 1958 quarum
386 1878 522 1956 singulte
551 1878 722 1957 pervices
748 1876 992 1940 hebdomadum
1023 1880 1124 1940 sacris

45 1963 268 2045 operabantur.
315 1961 469 2022 secundo
492 1963 632 2035 stultia,
654 1964 711 2043 qui
727 1960 873 2042 ejusdem
897 1963 1000 2025 tribus
1015 1971 1122 2038 erant,

44 2059 73 2110 et
102 2049 177 2109 loco
213 2049 505 2130 primogenitorum
536 2049 706 2128 assumpti,
742 2045 968 2110 sacerdotibus
1004 2052 1123 2131 praesto

45 2140 143 2210 erant,
165 2137 199 2194 in
223 2151 372 2194 rasorum
391 2149 559 2194 sacrarum
582 2131 828 2205 emundatione,
851 2135 1051 2196 mactatione
1065 2151 1122 2216 pe·

45 2221 162 2282 endum
189 2225 223 2280 et
253 2237 374 2300 panum
399 2220 615 2301 appositione.
661 2217 742 2280 Tres
772 2217 903 2281 lamilire
930 2218 1122 2283 heritarum

43 2311 141 2380 erant,
165 2303 352 2378 Kabalitm,
369 2305 564 2378 comatre,
586 2311 621 2368 et
637 2303 836 2377 Mororum
867 2303 1122 2382 Kabatilarum,

44 2409 124 2454 cnrae
144 2406 223 2452 arca
237 2409 278 2452 aa
293 2399 371 2451 r'aaa
390 2393 502 2453 omnia
522 2408 616 2452 saara
630 2397 725 2452 erant
748 2389 892 2466 tradita3
926 2391 1122 2468 Gerematoe,

42 2476 242 2540 tabernaculi
259 2475 342 2549 vela,
364 2476 478 2551 aulea,
500 2481 534 2538 et
549 2477 714 2538 exteriora
729 2479 921 2554 tegumenta
935 2475 1122 2538 servabant.

46 2563 215 2627 iterarilae
229 2567 361 2632 asseres.
378 2561 559 2635 columnas,
575 2560 943 2642 reliquamqaemalem.
982 2560 1122 2622 Numer.

43 2651 80 2710 ir.
99 2651 133 2723 4,
156 2651 210 2724 25,
232 2649 285 2723 26,
307 2648 360 2724 31,
382 2647 435 2711 32.
481 2647 556 2709 Dea
581 2645 860 2708 consecrabantur
887 2644 1023 2718 Levita,
1054 2663 1122 2706 una

44 2753 149 2798 mense
164 2737 185 2798 a
200 2736 374 2796 nativitate
389 2733 536 2815 impleto,
581 2730 720 2796 Numer.
738 2731 782 2793 iti.
804 2733 852 2794 la.
876 2730 952 2793 coll.
969 2749 1044 2795 cum
1067 2730 1122 2794 40.

47 2818 164 2882 Ubiad
182 2823 370 2884 vicesimum
388 2817 537 2902 quiritum
553 2835 677 2880 annum
695 2821 929 2900 pervenissent,
964 2833 1122 2880 manuum
1202 2832 1204 2836 ’

43 2907 249 2987 impositione
260 2905 484 2979 initiabantur,
507 2903 643 2968 Numer.
658 2907 724 2966 viii.
738 2904 790 2966 24.
836 2903 900 2967 Ubi
918 2905 1121 2984 trigesimam

44 3009 161 3054 annum
178 2994 368 3071 attigerant,
391 2991 627 3072 transportatio
642 2988 846 3050 tabernaculi
862 2991 940 3069 ipsis
957 2990 1123 3068 permitte-

46 3077 146 3152 batur,
181 3075 317 3139 Numer.
330 3079 373 3138 ir.
389 3075 443 3136 47.
487 3075 586 3138 Anno
602 3072 734 3136 tandem
751 3075 1024 3154 quinquagesima
1041 3071 1123 3134 rude

44 3161 261 3238 donabantur,
283 3162 317 3223 id
331 3168 381 3224 ert
396 3163 416 3224 a
430 3159 635 3242 gravioribus
657 3157 861 3220 tabernaculi
885 3157 1071 3218 ministeriis
1084 3155 1124 3218 li·

44 3247 252 3322 berabantur,
284 3247 423 3310 Numer.
441 3247 507 3308 vill.
519 3243 633 3318 25,26.
667 3241 781 3305 Tertia
798 3240 959 3311 Nasam,
982 3257 1122 3322 quarum

42 3334 91 3396 alii
117 3336 236 3408 votivi,
258 3333 312 3394 alii
339 3335 426 3406 nati,
448 3333 517 3393 sire
539 3329 695 3392 divinitus
720 3328 884 3410 imperati,
906 3327 958 3408 qui
977 3326 1019 3388 ab
1034 3329 1123 3388 omni
1171 3361 1174 3368 ,

42 3429 120 3499 patu
138 3419 322 3482 inebriante
345 3417 565 3487 abstinebant,
587 3415 743 3498 capillum
770 3431 837 3476 nan
854 3411 1047 3486 tondebant,
1069 3431 1122 3495 pe·

42 3505 263 3586 cultoremque
279 3504 528 3565 sanctimoniam
545 3501 775 3574 observabant,
821 3498 957 3562 Numer.
975 3499 1017 3560 ri.
1029 3497 1060 3558 a.

82 3589 198 3652 XVlt.
217 3589 335 3656 Quoad
353 3588 472 3672 negem
491 3587 677 3670 politicam,
699 3587 852 3649 instituta
873 3585 937 3648 luit
962 3585 989 3648 l.
1006 3581 1060 3646 Ad
1074 3579 1123 3644 at-

42 3679 221 3738 rectianem
249 3675 360 3758 papuli
388 3675 470 3748 Dei;
499 3673 529 3736 2.
543 3673 608 3736 -Ad
633 3672 877 3736 distinctionem
904 3670 946 3732 ab
972 3667 1125 3732 amnibus

39 3763 111 3822 aliis
128 3761 269 3844 papulis.
314 3761 344 3822 3.
368 3757 414 3823 Ut
431 3757 663 3822 vindicaretur
676 3759 729 3820 lex
744 3755 876 3819 moralis
890 3761 925 3818 et
938 3753 1126 3818 ceremoni-

39 3847 136 3909 alisa
161 3851 344 3908 contemtu.
384 3849 419 3908 d.
438 3843 484 3908 Ut
510 3863 649 3924 regnum
666 3843 789 3904 Christi
815 3839 985 3923 spirituale
1010 3839 1124 3902 adum·

41 3933 161 3996 braret.
208 3931 368 3993 Versatur
389 3933 488 3994 etiam
505 3931 775 4010 cireapcreanas,
792 3929 1002 3988 etcircarcs.
1048 3923 1126 3990 Per·

37 4036 198 4081 carcaram
237 4017 306 4079 dua
331 4018 486 4078 constitui
518 4021 654 4096 possunt
684 4029 815 4091 genera,
836 4013 1062 4092 magistratus
1090 4012 1126 4071 et

37 4105 255 4168 subditorum.
301 4101 530 4186 Magistratus
545 4099 599 4160 alil
616 4097 748 4159 luerunt
762 4095 804 4158 ad
821 4101 962 4177 tempus,
982 4093 1036 4155 alii
1052 4109 1125 4174 per·

38 4193 150 4269 petui;
169 4189 219 4250 ad
241 4195 370 4272 tempus
385 4193 423 4248 ut
439 4185 584 4268 judicer,
607 4183 712 4265 quiin
740 4179 898 4243 Samuele·
915 4179 1124 4256 deieceruutr

11 4265 134 4360 Jregce
165 4275 275 4356 stirpis
303 4271 482 4345 Daridlare,
505 4273 561 4354 qui
587 4271 620 4332 in
649 4267 918 4332 Zadecia‘etiam
945 4263 1123 4329 desierunt.

11 4373 13 4436 ;
34 4361 212 4444 Perpetui,
228 4362 287 4443 qui
301 4363 504 4436 manserunt,
518 4353 676 4441 quamdiu
687 4351 953 4436 maaritpaliticr.
965 4351 1123 4425 ladaraar
