3032 4998
369 413 414 485 28
684 427 898 482 cnsrsrrsss
919 421 1134 480 sanctonis.
1324 410 1410 503 [Led.
1426 415 1455 483 l.

243 603 249 610 ’
369 589 527 655 Ecclesia
548 562 666 670 subjici
676 587 776 651 debet
787 589 1025 667 scripturarum
1039 585 1251 662 anctoritnli3
1282 605 1359 652 uum
1376 607 1457 654 aue·

367 678 483 739 toritas
510 673 667 741 Ecclesia
691 673 838 754 cujusvis
861 671 988 745 seculi!
1009 681 1265 754 quantocunque
1290 675 1343 751 sit,
1386 693 1455 738 non

366 767 478 846 potest
491 779 562 824 esse
578 760 683 840 major
698 755 936 840 Apostolorum
951 759 1163 819 anctoritate.
1207 755 1254 819 At
1274 756 1458 840 Apostolo-

368 865 442 911 rum
464 849 646 911 auctorilas
670 841 713 905 ab
734 842 812 924 ipsis
834 839 1003 926 Apostolis
1027 842 1200 917 subjicitur
1214 845 1456 926 scripturarum

365 934 571 996 auctoritati:
600 929 665 992 hnc
675 927 852 1010 probamus
877 928 903 993 l.
920 944 962 988 ex
973 927 1080 988 verbis
1092 926 1188 990 Pclrt'
1199 926 1305 1010 Epist.
1318 929 1364 994 ll.
1377 951 1454 1013 cap.

365 1020 388 1082 i.
409 1020 457 1080 19.
477 1015 617 1080 dicentis
638 1031 816 1076 serment
836 1011 1075 1094 propheticum,
1096 1015 1155 1094 qni
1179 1013 1262 1076 nihil
1286 1015 1378 1078 aliud
1403 1026 1456 1082 est

367 1104 464 1186 quim
481 1104 646 1184 scriptura
661 1096 703 1161 V.
721 1097 760 1159 Τ.
785 1115 855 1158 csso
869 1095 1057 1176 firmiorum
1072 1099 1260 1162 testimonio
1276 1101 1453 1184 Apostolo-

364 1205 449 1264 rum,
472 1189 528 1272 qni
542 1185 681 1268 gloriam
707 1181 788 1246 lesu
806 1181 929 1244 Christi
949 1181 1055 1244 oculis
1077 1191 1305 1266 perceperant,
1326 1193 1453 1270 quique
1506 1239 1507 1268 ἒ

362 1291 480 1338 vocem
518 1265 646 1337 coelitus
684 1268 796 1333 datam
823 1265 1029 1330 audiverant.
1081 1267 1113 1329 Β.
1135 1285 1178 1331 ex
1207 1271 1315 1333 verbis
1341 1273 1453 1352 Pauli,

364 1360 478 1424 Galat.
504 1359 526 1420 i.
552 1359 585 1422 8.
637 1355 729 1418 Licet
752 1373 813 1416 nos
842 1355 904 1416 aul
931 1351 1083 1434 Augetur
1108 1352 1149 1416 dc
1171 1355 1254 1417 ecto
1276 1361 1452 1442 evangeli.

363 1451 415 1513 zet
439 1443 534 1508 nolis
550 1444 678 1526 prsetcr
698 1439 745 1512 id,
766 1439 853 1520 qrmd
880 1436 973 1503 wtts
1001 1439 1322 1522 evangelizavimus,
1362 1463 1452 1508 anu·

364 1533 471 1594 llemu
485 1529 543 1590 sil.
588 1525 670 1589 lude
684 1526 770 1586 enim
788 1529 880 1606 putet
895 1523 1092 1605 Apostolum
1108 1528 1340 1590 auctoritatem
1354 1548 1452 1594 snum

362 1609 574 1701 quantumvis
588 1608 756 1674 miraculis
771 1619 805 1670 et
820 1607 1008 1672 scelestibus
1022 1610 1204 1673 visionibus
1219 1612 1451 1679 confirmatam

362 1702 558 1766 submittere
572 1695 733 1778 evangelii
753 1696 855 1778 ipsius
874 1695 1078 1764 auctoritati.
1099 1699 1184 1760 aded
1204 1703 1243 1760 ut
1264 1699 1289 1760 si
1313 1703 1450 1782 quando

361 1789 555 1867 contingere
580 1787 701 1867 posset,
723 1787 762 1842 ut
786 1781 873 1846 inter
896 1797 931 1842 se
952 1788 1211 1863 opponerentur,
1234 1801 1299 1846 non
1316 1791 1450 1852 tsntdnr

360 1873 452 1936 illam
482 1887 575 1934 suum
604 1867 839 1932 auctoritatem
869 1864 964 1928 flocci
991 1863 1093 1952 pendi
1123 1871 1350 1950 consentiret3
1387 1873 1448 1937 sed

359 1957 573 2022 anathemate
587 1955 687 2018 stiam
702 1953 832 2034 percuti
847 1951 957 2014 vellet.

403 2043 447 2106 V.
462 2041 522 2104 llis
533 2039 685 2103 omnibus
693 2036 883 2100 addendum
891 2041 951 2113 est,
963 2035 1086 2102 nullum
1098 2057 1168 2102 esse
1177 2037 1450 2128 Ecclesiamans

359 2133 427 2194 tarn
444 2126 587 2192 illustres
604 2125 724 2187 lrabeat
737 2141 805 2186 suro
818 2125 1038 2200 auctoritatis,
1052 2127 1150 2210 quum
1165 2125 1338 2210 Scriptura
1351 2147 1450 2196 sacra

360 2231 427 2280 sum
442 2212 624 2276 divinitatis
639 2216 753 2286 notas;
774 2215 809 2272 et
828 2224 942 2272 sensns
956 2211 1142 2272 communis
1157 2211 1263 2275 dictat
1277 2213 1449 2280 nullorum

303 2317 307 2322 ·
357 2299 587 2376 conciliorum,
602 2295 837 2378 nullorumque
853 2293 1023 2358 hominnm
1039 2301 1167 2360 tantm
1182 2315 1252 2361 esse
1266 2301 1450 2365 anctorita-
1506 2301 1507 2310 ’

358 2391 427 2452 tem
452 2387 553 2470 qudm
582 2383 647 2446 Dei
669 2381 835 2466 loquentis
855 2383 890 2444 in
914 2379 1095 2464 Scriptum,
1132 2399 1194 2447 nec
1228 2387 1315 2448 cuim
1339 2386 1449 2451 ullum

359 2471 538 2536 concilium
560 2469 614 2534 vel
634 2467 802 2533 Nicenum
825 2466 878 2530 rel
901 2466 1173 2538 chalcedonense
1191 2471 1252 2534 duc.
1274 2471 1329 2534 rel
1352 2471 1449 2536 aliud

358 2555 502 2640 quodvis
514 2555 709 2639 aqmparari
725 2555 835 2636 potest
849 2555 1060 2630 auctoritate,
1074 2555 1204 2635 scriptis
1226 2553 1342 2631 Moris,
1365 2557 1446 2621 Pro·

356 2643 542 2725 pilotusum,
564 2647 599 2704 et
619 2637 868 2722 Apostolorum.
914 2638 1012 2704 uodo
1034 2637 1205 2703 evidenter
1225 2649 1318 2725 patet
1337 2647 1444 2707 uenti·

358 2742 459 2809 quam
474 2727 517 2788 ab
534 2724 691 2789 Ecclesia
707 2723 1169 2809 testimonicmspendendam
1180 2743 1250 2792 este
1261 2732 1441 2794 auctorita·

355 2818 423 2876 tem
438 2812 556 2876 horum
571 2811 739 2875 librorum.

809 2991 988 3052 Q
1109 2993 1116 3008 .

779 3163 935 3232 CAPUT
957 3165 1018 3231 lx.

564 3337 615 3397 Dc
629 3333 760 3396 Ecclesia
775 3333 939 3392 Testimoalo
952 3337 1025 3393 circu
1039 3331 1223 3414 Scriptorum.

393 3495 421 3563 l.
444 3495 614 3566 Qusmvrs
628 3490 876 3574 probaverimus
885 3495 1079 3578 neutiquam
1091 3496 1355 3580 suspendendum
1367 3517 1439 3563 esse

351 3585 585 3647 auctoritatem
600 3575 778 3660 Scripturm
793 3577 836 3640 ab
853 3577 1010 3644 Ecclesia
1026 3583 1227 3659 testimonio,
1242 3597 1309 3648 nun
1326 3586 1440 3648 existi·

351 3680 481 3734 nlsmns
496 3674 619 3741 tamon,
640 3663 762 3727 nullius
776 3679 855 3727 usus
870 3665 1020 3731 essehoc
1035 3670 1271 3746 testimonium,
1287 3673 1353 3734 imd
1368 3687 1438 3734 non

351 3757 468 3840 partlm
485 3750 606 3816 labere
622 3747 776 3832 ponderis
790 3749 835 3816 sd
849 3753 977 3816 animos
992 3753 1162 3819 hominum
1179 3755 1440 3821 commovendos

349 3841 524 3906 credimus.
582 3831 631 3899 El
658 3831 709 3898 vil
729 3835 875 3924 prirnrlm
897 3838 941 3902 ad
966 3837 1064 3906 lusu
1090 3858 1321 3922 provocamur,
1354 3839 1437 3905 dum

350 3937 521 3991 versamur
534 3928 630 3988 extra
645 3919 801 3986 Ecclesia
817 3926 995 4007 pommria3
1015 3923 1105 3990 nuds
1119 3925 1173 3992 Au
1224 3931 1329 3993 stinns
1344 3927 1387 3991 ds
1402 3947 1440 3993 se

349 4009 539 4077 Maniclrco
553 4009 695 4086 diuellat,
709 4007 804 4096 dou.
820 4009 883 4095 Ep.
904 4009 1012 4075 Fund.
1028 4031 1057 4076 c.
1074 4024 1105 4076 v.
1183 4029 1228 4100 go
1241 4019 1320 4080 verri
1336 4031 1436 4079 erma·

348 4099 437 4180 greio
447 4111 512 4162 son
525 4097 698 4174 mussat,
711 4097 786 4160 nist
797 4110 848 4159 are
863 4095 1028 4164 Ecclesia
1038 4097 1434 4165 cctloltcmcomslrooerct

347 4185 535 4247 urwtoritus
544 4204 558 4258 ,-
591 4182 646 4247 lic
665 4184 753 4247 enirn
769 4182 975 4248 meumst
989 4192 1199 4252 mmmouerel
1215 4189 1359 4250 sumitur
1373 4197 1436 4274 pro

347 4267 562 4336 mallim
576 4268 864 4349 summovent,
880 4271 982 4354 juxta
995 4270 1194 4342 Amemus
1208 4271 1347 4360 stylum.
