3032 4998
336 449 380 520 Η
655 475 870 528 cnsrsrrsrrs
890 473 1103 527 runoncsrs·
1297 451 1424 542 [nun

341 625 425 774 gibil
455 649 498 693 ex
523 629 671 714 professo
691 631 853 700 docuerat
876 633 1038 709 Christus,
1064 631 1243 710 antequam
1269 645 1430 692 conscen-

365 716 595 866 3151ther
611 807 649 868 ut
662 809 753 872 recte
768 805 837 870 bisc
859 804 997 868 materis
1018 798 1233 879 intelligutur,
1254 799 1347 861 varia
1365 817 1430 862 sn·

340 885 489 948 notanda
513 897 602 951 sunt.
649 891 676 952 1.
701 890 780 954 Non
805 909 937 953 neccsse
964 907 1034 951 esso
1058 901 1242 967 supponere
1266 882 1431 967 Spiritum

339 967 499 1036 Sanctum
523 992 652 1057 seraper
677 973 819 1046 dictasse
842 974 1016 1058 Prophetis
1040 977 1075 1034 et
1102 968 1272 1051 Apostolis
1295 970 1430 1052 singula

339 1054 452 1130 ”rba
466 1059 586 1140 quibus
599 1061 649 1124 usi
664 1067 750 1124 sunt
794 1061 825 1122 2.
850 1061 1026 1124 innumera
1037 1064 1146 1120 tumen
1158 1056 1324 1136 scripsisse
1338 1057 1432 1118 siros

336 1137 412 1202 iilos
423 1150 556 1207 sanctos
570 1165 612 1209 ex
625 1147 782 1228 peculiari
794 1146 934 1228 Spiritus
944 1144 1056 1206 Sancti
1069 1142 1289 1222 suggestione,
1303 1147 1341 1204 ut
1347 1159 1432 1224 pro·

333 1223 479 1306 pdetias,
490 1249 560 1312 qne
572 1238 642 1296 turn
655 1234 688 1294 in
705 1231 748 1295 V.
762 1237 832 1296 turn
842 1235 874 1293 in
888 1231 931 1294 N.
943 1229 1157 1294 Testamenta
1169 1225 1334 1307 legantur,
1349 1225 1431 1290 ideo

341 1309 464 1376 Paulus
479 1315 561 1378 niort
577 1316 603 1380 1.
614 1317 690 1380 Tim
702 1319 745 1381 iv.
764 1319 791 1382 1.
813 1313 1172 1400 sustentarentur,
1187 1311 1430 1390 statunculus

336 1402 375 1458 ut
388 1401 658 1478 explanationem
670 1407 890 1478 oracumrn,
911 1404 973 1466 ac.
1016 1402 1048 1464 3.
1071 1396 1231 1468 Quadam
1247 1397 1429 1480 scripsisse,

335 1497 411 1560 qna
436 1503 503 1546 uon
519 1505 602 1570 opus
617 1493 699 1562 erut,
721 1495 760 1551 ut
781 1488 923 1570 Spiritus
946 1487 1089 1550 Sanctus
1110 1488 1310 1565 suggereret,
1331 1487 1371 1546 ut
1385 1501 1431 1548 eu

337 1583 412 1647 que
426 1569 487 1650 ipsi
503 1571 605 1654 probs
616 1573 687 1654 jarn
702 1581 834 1648 norunt,
855 1591 928 1655 qurs
942 1569 1107 1643 viderent,
1126 1587 1200 1652 quus
1214 1565 1428 1644 audiverant,

332 1659 394 1714 aut
419 1671 491 1736 quo
517 1657 663 1739 ipsorum
689 1659 818 1740 privetu
848 1657 1044 1740 spectabant
1071 1655 1215 1735 negetis.
1264 1654 1297 1716 4.
1328 1654 1429 1718 Nihil

333 1739 446 1802 tannen
460 1743 638 1824 scripsisse,
653 1743 714 1806 nisi
732 1743 784 1806 vet
799 1746 980 1826 inspirante
999 1741 1135 1824 Spiritu,
1158 1739 1211 1801 rel
1232 1738 1429 1822 impellente

334 1821 379 1884 sd
394 1825 617 1905 scribendum,
632 1827 686 1890 rel
700 1827 880 1910 dirigente3
902 1829 950 1890 its
963 1833 1083 1889 utnon
1100 1841 1214 1908 passus
1225 1825 1268 1888 sit
1279 1823 1426 1908 Spiritus

336 1925 393 1970 eos
412 1911 592 1978 scribentes
603 1917 637 1976 in
653 1931 689 1976 re
703 1913 853 1996 qualibet
866 1915 926 1977 etsi
943 1912 1079 1976 minima
1089 1928 1208 1972 errare.

377 1993 440 2058 IV.
465 1996 600 2062 Eximit
627 2005 875 2062 consummatus
904 1997 1095 2079 Theologus
1127 1993 1241 2060 Celsb.
1274 1993 1425 2064 Witsius.

334 2077 491 2158 Fuerunt,
505 2084 615 2166 inquit
629 2083 696 2159 ille,
719 2083 875 2166 Apostoli
889 2084 1109 2148 instrumenta
1124 2081 1277 2163 Spiritus
1291 2079 1429 2160 Sancti,

332 2165 393 2228 scd
405 2169 610 2242 rationalius
630 2187 691 2232 suo
706 2171 795 2234 enirn
809 2170 987 2244 intellectu,
1002 2166 1133 2252 judicio
1147 2171 1179 2231 et
1192 2185 1336 2230 sanans
1349 2173 1425 2232 uts·

330 2247 463 2328 tantm,
487 2253 539 2317 ita
564 2257 674 2319 tamen
687 2257 726 2318 ut
745 2256 783 2320 in
796 2273 906 2320 corum
917 2255 1065 2320 cranium
1077 2271 1143 2317 usu
1156 2253 1386 2336 dirigerentur
1399 2253 1427 2318 a

330 2331 468 2418 Spiritu
479 2337 614 2416 Sancto,
635 2340 694 2422 pui
706 2357 771 2404 nos
786 2339 955 2405 adimebat
968 2339 1199 2403 ratiocinandi
1201 2337 1425 2418 suauitatem,

331 2437 432 2500 quani
442 2427 566 2488 natura
576 2431 791 2500 mesor,
812 2425 871 2490 ssd
884 2445 959 2489 cans
968 2424 1097 2490 catari
1107 2425 1232 2488 tamine
1245 2425 1426 2490 mibwtra·

332 2507 413 2584 tuns,
427 2512 460 2574 ct
473 2511 740 2576 meditationibus
753 2511 828 2575 suis
842 2519 1050 2594 occupatum,
1073 2527 1201 2572 arcam
1214 2527 1281 2574 sua
1294 2511 1426 2576 virtuts

330 2591 382 2653 ila
391 2595 622 2677 injudicando
631 2595 847 2681 gubcmabat,
858 2598 995 2680 utpucd
1006 2595 1092 2677 ipsis
1104 2595 1422 2671 uidebatur,rccerc

330 2679 496 2744 dictamen
511 2679 663 2764 Spiritus
678 2681 797 2746 Sancti
811 2686 906 2746 asset

376 2763 420 2828 V.
445 2765 534 2828 Hinc
564 2767 682 2830 mirum
715 2765 817 2830 rideri
848 2785 915 2831 non
945 2765 1066 2830 debet-r
1128 2766 1155 2828 l.
1178 2765 1212 2828 Si
1243 2765 1421 2831 audiamus

331 2845 511 2932 Apostolos
522 2849 691 2914 eiicientes
710 2853 963 2935 consequentius
983 2851 1080 2914 exiis
1099 2869 1173 2932 ques
1188 2851 1241 2914 rel
1256 2851 1424 2932 viderent,

331 2935 384 2998 vei
399 2937 421 2999 t
435 2935 636 3000 revelatione
658 2944 887 3020 perceperunt,
909 2943 947 3000 ut
968 2941 1045 3002 curn
1069 2934 1187 3000 Petrus
1208 2935 1285 3001 Act·
1307 2957 1342 3000 x.
1364 2937 1422 3004 84.

331 3019 476 3098 dicebat,
498 3027 574 3104 post
595 3040 645 3098 ea,
668 3040 742 3106 que
762 3027 833 3088 turn
854 3025 876 3088 t
895 3020 1051 3086 Cornelio
1072 3021 1256 3099 audiverat,
1277 3030 1347 3086 turn
1369 3039 1418 3088 ex

331 3110 459 3172 visione
483 3106 575 3172 tintei
595 3107 793 3190 collegerst3
833 3107 917 3172 Veri
936 3109 1111 3192 casaperta,
1134 3106 1242 3173 Deam
1261 3128 1325 3172 non
1344 3127 1422 3174 sssc

330 3189 564 3276 epomidem
600 3211 681 3278 quas
711 3199 823 3261 tsnrsn
852 3195 1105 3278 consequentias
1134 3211 1202 3256 non
1228 3194 1421 3274 eliciebant,

330 3281 393 3344 nisi
419 3279 562 3344 ducente
587 3287 622 3344 et
646 3278 809 3362 dirigente
834 3277 958 3362 Spiritu
984 3279 1119 3354 Sancto,
1144 3297 1188 3342 ne
1212 3279 1419 3346 aberrarent.

329 3364 362 3428 2.
386 3363 465 3426 Non
478 3366 599 3441 ¹miram
614 3365 727 3440 etiarn,
748 3367 774 3428 si
789 3362 959 3429 rideamus
981 3366 1014 3426 in
1036 3363 1127 3426 libris
1141 3366 1242 3430 sacris
1257 3366 1419 3431 tornales

328 3448 481 3532 loquendi
497 3455 587 3514 mart
603 3448 778 3512 bumsnss:
801 3467 877 3512 nuru
892 3451 1039 3533 quamvis
1053 3449 1118 3512 dici
1142 3453 1245 3534 possit
1263 3453 1311 3514 ita
1325 3451 1417 3538 loqui

328 3535 487 3616 Spiritum
513 3535 673 3598 Sanctum
703 3551 761 3618 per
791 3551 914 3597 ruerunt
943 3533 1164 3613 eumedium
1203 3543 1242 3601 nt
1266 3557 1352 3621 sepe
1378 3537 1415 3602 id

234 3621 249 3654 '
354 3625 479 3694 rustst3
494 3618 581 3684 forte
597 3620 697 3684 etium
713 3617 747 3682 id
763 3622 1006 3705 contigitque
1020 3621 1160 3708 Spiritus
1176 3621 1318 3687 Sanctus
1332 3623 1413 3688 sirit

326 3639 507 3790 Kpostolos
521 3706 571 3770 uti
586 3724 647 3769 suo
661 3723 812 3770 sermone
826 3713 995 3771 consueto.

370 3791 432 3856 VI.
455 3789 521 3856 Sed
537 3789 591 3856 bic
608 3789 793 3855 noandum
815 3791 842 3854 1.
865 3792 1023 3876 Spiritum
1045 3791 1204 3858 Sanctum
1222 3793 1414 3877 trequentes

325 3875 969 3962 Apostolisqaasdsrndrctsrisssvoces.
1013 3877 1043 3942 2.
1062 3877 1156 3941 Ntbil
1168 3897 1298 3962 passum
1311 3879 1417 3948 tuisse

326 3963 485 4046 Spiritarn
500 3963 659 4029 Sanctum
675 3963 718 4027 ab
733 3961 902 4048 Apostolis
917 3961 1027 4039 scribi,
1049 3964 1139 4045 qnod
1154 3985 1222 4030 non
1241 3966 1416 4046 direxerit,

325 4049 411 4114 adeo
424 4055 461 4114 nt
472 4053 547 4114 tutb
558 4053 703 4134 ipsorum
716 4051 857 4134 scriptis,
871 4049 996 4136 ubsque
1010 4047 1111 4114 ullius
1126 4053 1246 4116 erroris
1260 4053 1415 4136 periculo

325 4133 424 4199 idern
439 4133 596 4200 adbibere
610 4137 783 4220 possimus.
797 4162 800 4170 ·

368 4218 449 4284 vlt.
472 4218 635 4286 Preterea
650 4221 703 4286 bic
718 4219 959 4286 observandam
975 4241 1018 4288 ex
1036 4227 1151 4288 nostru
1164 4223 1328 4288 seem
1342 4241 1415 4292 uon

322 4325 419 4394 posse
441 4304 576 4387 interri;
610 4307 638 4373 1.
659 4307 730 4374 Ant
750 4307 932 4392 Apostolos
954 4309 1067 4378 omnis
1084 4310 1217 4378 scivisse
1236 4307 1350 4378 &tior
1364 4327 1413 4379 se
