3000 5006
329 65 392 132 ³42
648 73 850 124 rnaononrs
872 71 1094 122 cnsrsrrsus.
1233 49 1392 140 [111111.
1466 10 1471 19 ¹

326 233 533 317 judicaturus
554 237 604 296 est
627 235 815 296 universum
837 237 996 296 terrerum
1018 229 1140 292 orbem.
1186 217 1396 290 Judicubitin

332 319 371 384 ed
395 317 513 384 natord
539 317 657 382 visibili
682 323 715 382 in
745 317 811 401 qul
837 336 950 401 passus
976 321 1026 378 est
1052 334 1111 396 pro
1136 312 1241 374 nobis.
1286 311 1397 374 Sedebit

332 403 445 469 Jndec
468 408 527 488 gni
551 409 646 468 stelit
670 405 729 468 snb
752 405 888 487 jndice:
919 401 1093 464 damnabit
1123 415 1219 462 oenoe
1246 415 1323 471 reos,
1348 399 1399 477 qni

321 489 443 573 sactu&
473 495 522 553 eal
537 491 658 574 saluus
683 511 769 566 reus,
801 491 849 552 ait
875 489 1090 569 Augustinus.
1134 483 1210 546 Hoc
1240 481 1399 566 plurimum

333 573 443 651 faciet,
460 581 530 638 tum
547 575 588 638 ad
611 577 744 656 piorum
758 573 1028 648 consolationem,
1044 571 1098 654 qui
1115 587 1175 652 pro
1192 567 1304 650 judice
1318 568 1401 630 babe-
1472 595 1473 636 i

331 662 416 723 bunt
432 667 619 744 patronum,
640 661 793 736 fratrem,
825 667 895 722 turn
913 657 955 720 ad
978 659 1153 738 impiorum
1174 661 1336 728 terrorem,
1355 654 1402 736 qui

330 746 492 810 videbunt
507 753 710 828 regnantem,
726 765 824 829 quem
834 747 996 827 persecuti
1013 749 1105 804 sunt:
1124 740 1287 822 judicium
1303 745 1403 804 antem

334 833 500 896 exercebit
516 831 698 896 secundum
720 844 892 912 utramque
916 835 1078 906 naturam,
1093 825 1216 888 dioind
1231 826 1405 887 conterente

333 915 493 979 infinitam
508 923 715 1000 potestatem,
730 919 912 990 scientiam,
937 914 1140 998 potentiam
1160 910 1304 1003 lignano
1323 917 1407 972 actos

331 1003 504 1083 judicandi
527 1003 697 1066 visibiliter
719 1009 904 1066 exercente.
948 1000 966 1062 J
973 999 1119 1076 udicabit
1135 999 1199 1079 qud
1222 990 1408 1078 12eue,quia
1473 1065 1474 1068 Ἴ

334 1089 435 1152 solius
453 1087 514 1150 Dei
531 1095 580 1152 est
602 1091 713 1150 omnia
728 1089 822 1162 scire,
845 1093 879 1149 et
895 1083 984 1146 solus
1001 1091 1108 1166 potest
1124 1081 1295 1154 manifesta
1310 1080 1408 1142 iecere
1473 1069 1474 1100 ¹

336 1171 487 1235 cordium
513 1174 660 1248 consilia,
686 1173 775 1236 solus
805 1190 935 1256 qnoque
962 1163 1261 1252 potentid.infinitd
1287 1165 1328 1228 ed
1351 1166 1411 1230 ute

333 1255 496 1340 judicium
523 1257 755 1340 exequendum
782 1257 905 1340 pollet;
922 1254 1172 1340 judicabitmud
1184 1253 1285 1326 durno,
1304 1257 1415 1314 nature

336 1347 424 1406 enim
443 1345 586 1408 humano
600 1347 794 1406 sententiam
811 1341 1046 1426 pronuntiabit.
1070 1338 1202 1412 „Habet
1217 1357 1328 1399 omnes
1342 1355 1414 1418 qna·

337 1427 448 1490 futures
469 1429 612 1510 judicis;
634 1430 867 1501 summouent,
883 1445 944 1489 neo
959 1426 1001 1487 ab
1017 1445 1056 1487 eo
1073 1424 1206 1486 dabitur
1223 1425 1416 1503 provocatio,

340 1517 534 1582 omnisciens.
561 1517 785 1598 justissimus,
813 1514 1074 1596 potentissimus.
1119 1509 1236 1571 Gloria
1265 1509 1333 1589 ejns
1360 1509 1419 1570 erit

343 1603 498 1672 maxima,
523 1599 740 1663 Mettium.
757 1601 809 1662 31.
842 1598 983 1681 Angelis
1006 1598 1157 1678 stipatus,
1178 1591 1257 1656 tud.
1275 1611 1350 1655 vers.
1370 1593 1418 1655 14.
1474 1614 1475 1648 3

343 1683 490 1745 2Tbess.
508 1687 529 1746 1.
547 1687 576 1746 7.
611 1685 690 1746 Luc.
709 1686 752 1746 ix.
770 1684 820 1746 26.
856 1687 912 1764 qui
942 1680 1142 1763 judicandos
1170 1677 1421 1761 congregabunt,

345 1767 469 1828 Mattb.
492 1786 571 1829 xxv.
593 1769 646 1830 32.
679 1769 894 1848 separabunt,
919 1766 1041 1828 Mattb.
1062 1767 1130 1828 xiii.
1153 1765 1205 1825 19.
1239 1765 1354 1846 impios
1380 1763 1422 1826 ed

344 1847 453 1912 locum
471 1852 622 1933 supplicii
638 1853 820 1926 detrudent,
844 1851 966 1914 Mattb.
982 1853 1051 1913 xiii.
1066 1851 1119 1925 41,
1134 1848 1187 1911 42.
1209 1855 1243 1910 et
1258 1848 1343 1912 sorte
1357 1851 1425 1932 pios

342 1933 384 1996 ad
401 1935 524 1998 coelum
536 1935 722 2000 monetent.
768 1935 821 2000 An
846 1937 951 1998 sancti
968 1937 1002 1996 in
1019 1934 1083 1997 boc
1100 1933 1227 2015 jndicio
1242 1933 1343 1996 loturi
1365 1937 1427 1998 sint

347 2017 469 2082 Cbristi
482 2021 838 2096 assessores‚‚decidere
855 2021 1023 2096 nolumus;
1038 2019 1103 2083 boo
1116 2039 1211 2105 posse
1221 2019 1379 2082 concludi
1391 2041 1432 2086 ex

342 2101 418 2170 lbco
445 2107 457 2168 1
473 2105 549 2169 Cor.
567 2109 609 2170 vi.
625 2108 656 2182 2,
668 2108 700 2171 3.
723 2128 789 2172 non
805 2107 979 2172 credimus.

387 2191 452 2256 111.
476 2189 666 2256 Videndum
687 2198 822 2274 quinem
849 2199 948 2256 erunt
964 2187 1167 2274 Jodicondit
1210 2189 1331 2254 Omnes
1350 2198 1429 2256 sane

339 2275 592 2356 judicabuntur,
618 2285 652 2340 et
667 2279 775 2360 angeli
792 2285 826 2340 et
842 2278 1011 2354 hominen
1033 2275 1074 2340 de
1089 2277 1215 2358 angelis
1230 2275 1319 2340 malis
1334 2275 1431 2340 dubi·

343 2370 415 2422 tare
431 2379 496 2420 non
513 2381 697 2442 possumus,
718 2364 739 2424 2
754 2363 823 2424 Pet.
835 2363 868 2424 ii.
881 2365 912 2424 4.
935 2361 1092 2426 dicuntur
1107 2366 1194 2426 enim
1209 2364 1372 2426 reseruati
1386 2363 1433 2426 cd

337 2445 511 2524 judicium
539 2461 673 2528 nsugnae
702 2445 791 2510 Diei.
847 2441 921 2510 Nisi
952 2447 1104 2512 malimus
1132 2447 1243 2512 dicere
1270 2447 1436 2529 judicium

344 2545 456 2592 eorum
474 2531 576 2592 lotum
602 2533 712 2607 luisse,
728 2533 785 2596 sed
811 2532 967 2595 reservari
983 2531 1025 2594 ad
1052 2551 1164 2616 pones
1178 2540 1252 2617 post
1279 2533 1436 2598 ultimum

342 2613 504 2694 judicium
521 2615 667 2696 luendas,
691 2617 789 2698 longe
803 2619 842 2680 iis
863 2619 1040 2700 graviores,
1056 2638 1137 2700 quas
1154 2619 1224 2701 jam
1247 2621 1435 2702 patiuntur.

346 2699 400 2762 De
418 2701 510 2764 bonis
533 2721 599 2764 non
615 2705 720 2766 ausim
737 2700 918 2780 affirmare;
935 2703 1003 2784 iam
1021 2706 1109 2766 enim
1130 2703 1271 2786 judicati
1288 2717 1380 2782 sont,
1403 2711 1438 2768 et

344 2783 577 2850 describuntur
593 2792 711 2870 passim
729 2796 766 2850 nt
783 2788 905 2852 Cbristi
920 2789 1049 2851 indicis
1064 2793 1211 2853 comites.
1254 2789 1305 2854 At
1319 2797 1438 2873 preter

346 2871 482 2951 angelos
499 2872 739 2954 judicabuntur
755 2894 868 2936 ornnes
882 2873 1039 2950 homines,
1054 2873 1073 2938 J
1079 2874 1150 2937 ndae
1162 2895 1244 2938 vers.
1262 2876 1311 2938 15.
1337 2871 1439 2938 Rom.

345 2955 412 3018 xiv.
435 2957 483 3032 10,
503 2957 550 3030 11,
566 2958 614 3021 12.
647 2957 758 3019 2001.
775 2979 804 3020 v.
827 2959 872 3022 lot
920 2951 1073 3040 cujusvis
1094 2981 1204 3038 sexus,
1221 2961 1443 3039 conditionis,

347 3043 494 3104 omnium
512 3043 672 3119 locorum,
689 3051 894 3126 temporum
916 3044 1026 3106 nullus
1043 3045 1171 3126 judicio
1186 3044 1412 3110 subducetnr.

390 3125 454 3190 IV.
477 3127 654 3204 Quaerttur,
665 3148 764 3210 snper
779 3131 899 3211 quibus
909 3128 1158 3210 judicabimur?
1182 3131 1447 3214 Respondemus

351 3211 379 3274 1.
402 3211 649 3275 indicabuntur
674 3213 761 3278 lacta
785 3213 1192 3285 externa,Jod.vers.15.
1216 3216 1281 3300 Ap.
1308 3237 1370 3282 xx.
1395 3217 1449 3292 12,

352 3297 399 3362 13.
445 3299 475 3362 2.
495 3299 606 3374 Dicta,
635 3297 758 3362 Mattli.
785 3303 841 3363 xii.
859 3302 912 3372 36,
938 3299 989 3364 87.
1013 3302 1113 3365 etiam
1135 3305 1247 3366 inenia
1264 3309 1300 3365 et
1315 3307 1448 3366 otiosa.

349 3383 379 3447 3.
403 3383 547 3448 Occulta
570 3385 750 3462 bominum,
776 3387 845 3450 sive
861 3385 949 3448 lacta
975 3388 1105 3450 nemine
1129 3390 1263 3451 conscio
1335 3397 1453 3464 recta,

349 3473 417 3532 sive
438 3473 666 3550 cogitationes,
694 3469 786 3535 Eccl.
807 3473 862 3534 xii.
888 3471 934 3533 14.
963 3471 976 3534 1
998 3470 1074 3534 Cor.
1092 3475 1133 3535 ir.
1151 3475 1182 3536 b.
1226 3475 1257 3536 4.
1312 3477 1455 3536 missio·

351 3573 409 3618 nes
424 3555 534 3634 offleii,
549 3557 621 3621 deo.
637 3560 681 3622 ir.
699 3555 747 3620 17.
772 3555 895 3622 Mattb.
911 3553 957 3619 iii.
974 3557 1021 3620 10.
1047 3555 1171 3622 Mitte.
1182 3577 1262 3622 xxv.
1279 3559 1336 3622 30.
1358 3559 1457 3624 Luc.

350 3645 405 3702 xii.
424 3643 476 3704 47.

393 3725 435 3789 V.
460 3728 636 3806 Queritur,
652 3741 800 3810 quonam
813 3731 876 3792 erit
890 3727 974 3791 retio
989 3735 1023 3792 et
1039 3731 1145 3794 torma
1165 3726 1315 3812 judicii?
1362 3729 1460 3794 Res·

349 3813 533 3892 pandemus
557 3817 734 3877 consistere
750 3817 783 3878 in
801 3813 889 3877 bisce
912 3815 1035 3888 tribon
1061 3815 1143 3878 1..1n
1160 3810 1277 3879 ennam
1292 3817 1465 3898 cogniti-

348 3915 416 3984 one,
455 3897 484 3960 2.
517 3897 555 3962 ln
583 3902 754 3964 center-tire
783 3901 1072 3981 pronunciatione,
1109 3903 1138 3968 8.
1167 3901 1207 3966 ln
1234 3906 1465 3968 executione.
