3032 4998
76 441 164 530 t'sp.
178 441 241 531 it]
498 459 546 510 nn
566 459 684 510 vsnno
706 459 778 510 nur.
1113 447 1158 512 tt·

71 611 120 680 At
134 633 205 680 non
219 616 330 682 rum
343 635 379 680 se
391 613 493 682 hehet
502 615 545 682 ds
559 617 674 682 sulutis
684 615 846 692 doctrine,
861 635 935 700 quse
950 633 1077 702 semper
1091 637 1164 702 per·

73 705 168 764 enuis
192 695 293 766 luits
321 703 352 768 8.
375 703 547 788 Scriptura
562 709 600 766 ut
613 703 736 788 regulo
757 701 868 784 dirigit
882 701 979 768 fidem
994 714 1029 768 et
1055 723 1163 768 mores

72 795 218 864 nostros,
240 794 274 852 et
295 789 343 850 its
356 787 479 870 dirigit,
500 795 539 852 ut
552 789 578 852 si
593 788 647 852 vel
662 789 834 854 minimum
849 789 892 852 oh
906 785 945 851 ei
960 789 1164 881 recedamus,

73 891 211 1022 peffim
209 879 473 1040 &¹323
485 959 639 1024 dubitare
651 977 715 1022 non
733 959 924 1042 poterimus,
946 961 1114 1044 imprimis,
1136 961 1163 1024 si

72 1043 299 1120 sttendsrnus,
321 1043 363 1107 ud
389 1063 462 1110 enm
492 1046 685 1129 Prophetes,
720 1045 890 1108 Christum
920 1051 955 1110 et
984 1045 1164 1130 Apostolos

73 1147 258 1214 prorooure
272 1149 411 1214 semper.
454 1130 512 1196 Ad
522 1133 628 1215 legem
641 1134 673 1192 et
684 1131 916 1207 testimonium,
938 1133 1048 1216 inquit
1062 1132 1165 1196 issum

73 1217 142 1278 viii.
157 1215 210 1279 20.
265 1213 435 1298 seriptum
453 1220 513 1292 sot,
534 1215 645 1280 uiebot
661 1215 814 1278 Christus
829 1215 987 1280 adsersus
1009 1218 1166 1284 Sutunsm

75 1299 259 1384 dispulsus,
293 1301 417 1365 Mutth.
442 1303 486 1364 ir.
502 1303 535 1375 4,
568 1302 599 1376 7,
625 1301 673 1374 10,
696 1306 731 1364 et
755 1319 831 1364 curu
857 1299 1024 1366 Sodnoreis
1050 1321 1165 1386 egens,

75 1387 161 1450 idem
173 1393 307 1470 prmstut
318 1387 442 1452 Mutth.
454 1387 535 1450 xxii.
557 1386 709 1470 Apostoli
720 1385 835 1450 eudem
848 1387 1167 1464 methodoutnntnr,

76 1477 328 1536 nteonrertunt
341 1471 496 1550 ludeos3
517 1473 585 1535 imo
605 1474 652 1536 its
668 1473 847 1555 perfeetum
871 1471 947 1536 ddei
973 1479 1008 1538 et
1034 1493 1165 1538 morum

76 1559 225 1641 regulum
236 1557 440 1644 scripturum
450 1577 520 1620 esse
531 1554 753 1633 crediderunt,
767 1558 973 1622 utdsileutio
985 1559 1164 1645 Scripturre

76 1651 333 1814 231ωέιῶ
337 1641 968 1812 itit.²t,titttttttttttttt
969 1644 1165 1795 1311,ἷέ

76 1813 314 1896 Apostolorum
331 1813 375 1878 ud
400 1813 487 1878 huno
501 1832 651 1878 normum
676 1815 901 1896 expendentes
923 1811 999 1878 Aot.
1016 1817 1096 1879 xvii.
1115 1817 1165 1880 11.

79 1899 208 1970 Quibus
233 1898 435 1974 addendum,
457 1899 661 1982 Soripturnm
683 1917 719 1962 se
743 1901 846 1982 ipsum
864 1917 984 1962 voosre
1000 1898 1165 1982 Regulum

79 1983 153 2050 Gsl.
167 1989 212 2050 ri.
232 1987 280 2050 16.
325 1985 528 2068 Quicumque
539 1985 695 2048 incedunt
708 1985 888 2048 secuudum
902 1985 1053 2072 regulum
1067 1985 1166 2064 tanc,

74 2087 147 2156 pus
158 2073 226 2134 erit
239 2091 340 2156 super
353 2090 417 2134 eos.

119 2155 182 2220 lV.
206 2155 286 2220 Non
310 2157 483 2241 Scriptura
497 2157 627 2221 tuntum
644 2155 688 2220 N.
706 2154 746 2220 T.
770 2153 876 2220 sedet
893 2155 936 2218 V.
952 2155 1027 2220 lidei
1044 2162 1163 2221 nostrm

76 2259 116 2306 so
139 2259 271 2306 rnorum
287 2261 405 2306 norrun
418 2248 480 2320 est,
501 2244 652 2327 quumvis
664 2261 729 2304 non
747 2241 888 2324 umplirls
902 2239 963 2306 suh
982 2245 1168 2308 moonomlu

75 2331 180 2394 reteri
196 2345 374 2404 versemur,
395 2335 429 2394 et
453 2330 646 2412 abrogatum
663 2347 733 2391 esse
754 2327 841 2392 huno
854 2331 1072 2392 moonominm
1087 2349 1166 2393 oon·

75 2419 152 2480 stet
198 2411 513 2502 Qsmmqueenim,
527 2419 574 2478 uit
587 2413 710 2477 Paulus
722 2413 886 2478 Roman.
897 2412 930 2489 4,
951 2417 1168 2500 antescripto

76 2503 168 2576 sunt,
189 2501 237 2564 ud
255 2503 404 2564 nostrum
420 2501 661 2566 institutionem
685 2500 818 2582 scripto
839 2501 929 2574 suut,
950 2503 990 2562 ut
999 2519 1063 2582 per
1073 2503 1166 2582 pati·

78 2589 204 2650 ιιιιιιιιιι
226 2587 260 2651 rt
285 2588 541 2652 mmototionsm
565 2584 832 2668 Scriptururum,
862 2601 955 2664 spem
974 2583 1166 2650 habeamus.

77 2667 228 2736 Eundem
244 2669 403 2736 doctrinm
416 2672 633 2736 substantium
647 2675 824 2752 utrumque
836 2674 1071 2734 testamentum
1087 2691 1165 2734 con·

77 2761 172 2832 tinet,
188 2755 304 2824 eudem
320 2757 485 2822 credenda
500 2757 668 2842 proponit,
682 2754 797 2820 endem
810 2753 999 2838 peragenda
1008 2757 1168 2842 precipit,

78 2850 257 2925 utrumqne
282 2849 516 2908 summorum
534 2842 691 2908 Ecclesiae
716 2839 967 2906 fundumentum
994 2849 1055 2920 est,
1074 2843 1167 2906 unde

69 2927 293 3013 stammam
308 2927 551 3011 Prophetarum
570 2933 601 2992 st
618 2927 849 3010 Apostolorum
868 2929 1060 3008 superstrui
1082 2929 1167 2992 dici·

79 3031 163 3080 nur.
182 3013 270 3097 Eph.
286 3016 320 3079 ii.
339 3015 389 3090 10,
410 3021 444 3078 et
459 3019 549 3080 recte
567 3033 625 3076 eos
647 3015 757 3074 iecere
771 3009 871 3074 docet
885 3011 1003 3074 Petrus
1018 3013 1040 3074 2
1055 3011 1128 3076 Pet.
1143 3015 1167 3078 i.

83 3099 130 3178 l&
151 3101 212 3188 qui
223 3099 566 3186 serruour'pruphetioo
581 3097 767 3160 attendunt.

120 3183 167 3250 V.
191 3183 300 3252 Unius
315 3193 365 3248 est
380 3185 437 3250 illu
453 3181 579 3268 regulo,
594 3200 657 3246 neo
673 3179 741 3242 ullu
755 3177 900 3242 nlisdsri
910 3183 1030 3263 potest,
1045 3185 1168 3248 etenim

78 3273 169 3338 sorio
183 3269 259 3334 tulis
285 3271 400 3353 regulo
420 3289 488 3334 non
512 3267 573 3332 est.
620 3268 648 3334 i.
671 3265 759 3333 Quis
773 3283 862 3328 creos
875 3273 936 3340 est,
959 3265 1105 3350 nihilque
1119 3269 1169 3332 in-

79 3357 231 3440 telligens
245 3375 373 3430 eorum,
395 3375 467 3439 qum
482 3360 561 3418 suut
585 3352 728 3438 Spiritus
750 3349 827 3426 Dei,
850 3350 876 3414 1.
896 3349 940 3414 nd
968 3351 1119 3418 Corinth.
1136 3357 1169 3420 ii.

83 3441 130 3518 14,
150 3443 201 3516 ld,
216 3445 344 3526 etquis
359 3443 459 3506 errori
476 3439 685 3504 obnoxiaest
700 3443 734 3501 et
749 3435 874 3500 tollitur
888 3440 981 3522 smpe.
1025 3437 1057 3500 2.
1080 3437 1170 3508 Quis

81 3529 240 3612 mysteria
254 3525 329 3590 ndei
353 3535 432 3590 sunt
451 3545 552 3612 supra
575 3524 736 3610 spheram
752 3524 899 3601 rationis,
920 3523 963 3588 sd
979 3542 1053 3606 qum
1069 3523 1168 3590 honio

81 3613 232 3680 tnimslis
245 3631 415 3694 assurgere
430 3614 557 3696 nequit.

124 3697 188 3763 v1.
212 3697 315 3764 ustio
331 3717 366 3761 se
382 3699 483 3762 hshet
497 3703 537 3760 ut
561 3695 680 3761 oculus
693 3695 825 3770 mentis,
845 3693 1019 3780 Scriptura
1032 3701 1112 3761 verd
1130 3703 1170 3760 ut

83 3801 250 3862 mensuro,
270 3783 314 3847 sd
328 3803 431 3870 quum
453 3802 506 3846 ros
520 3781 703 3847 metiendus
719 3781 861 3856 metitur¹
874 3783 1001 3846 oculus.
1045 3783 1171 3846 instru-

84 3877 233 3936 mentum
248 3875 300 3934 est
314 3875 410 3946 ratio,
431 3889 497 3955 quo
511 3867 616 3933 fidelis
629 3867 744 3950 exigit,
766 3885 838 3950 qurs
853 3871 1086 3949 proponuntur
1100 3888 1170 3932 ore·

82 3955 206 4036 dende,
218 3953 262 4019 sd
275 3955 492 4041 scripturum,
507 3973 570 4019 ceu
579 3970 728 4018 normam
738 3953 885 4014 veritatis
893 3951 1171 4032 indeclinabilem,

83 4049 122 4105 ut
135 4061 241 4130 quum
257 4061 357 4122 runnu
373 4049 407 4106 et
421 4041 521 4106 oonlo
535 4039 579 4104 nd
595 4039 706 4104 ulnam
722 4037 888 4119 publicum
903 4037 1075 4118 exigimus,
1096 4059 1169 4124 qurs

84 4131 190 4192 metiri
207 4127 383 4204 rotumum
404 4127 462 4192 sed
477 4129 550 4210 ipsu
563 4141 680 4190 norme
690 4121 929 4186 credendorum
942 4142 1008 4186 non
1023 4131 1083 4188 est.

125 4211 208 4278 vit.
230 4213 331 4284 Quod
346 4223 458 4278 tumen
473 4211 517 4277 de
530 4213 658 4276 ratione
673 4208 825 4284 dicimus,
846 4205 921 4272 tidei
937 4209 1083 4292 regulum
1101 4231 1168 4276 non

79 4297 574 4388 esse,uonirnpeditquominns
582 4295 1169 4382 multosrstionisusussguosssmus
1219 4368 1220 4372 Ἴ
