3032 4998
334 463 368 528 rt
650 471 818 530 artum
841 473 1105 528 nuorcaroatar

331 629 608 732 Isterncolymaa
634 633 836 724 sanctitate,
862 631 1018 706 Romam
1045 603 1188 708 artium
1203 631 1344 709 outturt
1371 658 1415 710 ac

330 755 565 831 scientiarum
575 755 777 856 aplendunc,
786 754 964 856 longique
974 755 1198 830 aucoeeaione
1208 757 1413 838 secutorum

330 880 378 954 ait
404 878 544 956 virtutis
567 878 698 954 divine
724 879 918 956 theatrum.
947 879 1023 964 ,Ut
1040 879 1215 958 miraculo
1241 883 1413 974 surrexit,

327 979 477 1102 proluit,
493 1002 616 1096 crevit,
633 1019 773 1080 servata
788 1020 843 1078 est
868 1005 1053 1099 hactenns,
1071 1005 1242 1080 mutinnl
1265 1027 1409 1104 qnoque

325 1123 583 1202 miraculorum
624 1126 714 1202 aeria
755 1127 946 1203 subsistere
987 1143 1138 1231 pergat..
1159 1126 1274 1202 donec
1312 1125 1409 1202 adsit

327 1259 482 1350 tempus,

452 1433 530 1502 Quo
545 1443 646 1512 mare,
659 1441 728 1518 qno
742 1433 842 1498 tellnr
855 1439 1075 1519 correptaque
1088 1436 1180 1518 regia
1192 1433 1267 1499 uoti

448 1541 587 1621 Ardent,
601 1549 636 1608 et
651 1542 767 1607 muudi
782 1541 885 1608 moles
901 1561 1042 1628 operosa
1055 1543 1194 1611 laborat.

324 1711 473 1788 Senatui
497 1739 639 1814 aemper
655 1726 797 1787 conetet
818 1738 884 1788 aua
904 1713 1112 1806 auctoritas,
1138 1705 1314 1788 Ecclesiae
1340 1737 1406 1788 ana

323 1837 507 1919 sanctitas.
530 1835 738 1912 Academiae
756 1861 840 1911 anua
858 1833 1040 1938 splendor,
1059 1827 1203 1912 Schola
1221 1859 1325 1910 annm
1343 1833 1408 1913 dc·

321 1975 396 2049 cus,
412 1957 551 2060 populo
567 1957 771 2035 Genevenai
788 1985 853 2035 sna
867 1958 1015 2035 libertas
1032 1985 1075 2034 ac
1091 1959 1346 2060 tranquillitas.

366 2077 445 2155 Vna
463 2106 601 2175 ontnea,
627 2081 723 2157 urbia
741 2081 924 2158 Conditor
947 2098 985 2157 et
1003 2083 1146 2176 Rector,
1174 2082 1312 2186 Spiritu
1337 2107 1404 2158 auo

316 2207 399 2278 vere
417 2203 586 2308 Principe
601 2222 715 2307 regat,
731 2219 769 2282 et
784 2207 886 2282 omul
908 2207 1163 2300 maximarum,
1181 2203 1405 2282 divinarum·

314 2349 385 2428 que
398 2328 689 2404 benedictionum
701 2335 846 2430 genere,
855 2323 963 2428 qudm
972 2325 1176 2426 largissime
1185 2328 1414 2425 cumulator,¹

313 2451 431 2550 magia
457 2476 500 2526 ac
528 2451 644 2554 magia
674 2467 817 2552 augeat,
843 2451 949 2524 rebus
978 2451 1110 2526 nustria
1135 2450 1199 2528 din
1227 2451 1401 2530 intercute

313 2574 403 2651 velit
417 2589 459 2650 ut
475 2575 548 2651 aeri
560 2575 599 2648 in
616 2573 752 2650 coelnm
769 2572 934 2665 radentia,
951 2597 994 2646 ac
1010 2587 1094 2674 poet
1116 2573 1266 2676 longum
1284 2570 1405 2651 anno-'

312 2724 393 2774 rum
427 2697 554 2771 aeriem
589 2699 722 2772 teternl
752 2694 862 2772 donet
896 2693 1079 2772 felicitate.
1128 2695 1272 2792 Valete,
1310 2701 1397 2775 Att-

313 2841 481 2914 nussim
516 2817 625 2912 Vtar,
668 2819 787 2914 vivite,
826 2821 962 2914 florete,
994 2820 1101 2896 etin
1134 2819 1208 2896 Dei
1238 2819 1395 2922 gloriam
1453 2799 1458 2813 ⁴

309 2941 547 3042 acpublicam
562 2941 772 3018 felicitatem
783 2943 983 3021 diutissime
999 2961 1204 3046 perennate.
1257 2943 1394 3047 Scripsi

308 3063 481 3158 Genera,
500 3065 678 3146 Kaleudia
690 3067 837 3148 Mutii·
846 3101 860 3164 3
884 3071 997 3148 anuo
1012 3069 1120 3150 ΕΝ
1133 3068 1401 3170 Dionysianaea
