2994 4996
56 441 141 535 (lep.
159 449 223 538 lt]
386 461 434 517 nn
456 465 529 518 uso
549 467 622 518 uuo
645 467 686 518 nr
706 467 827 522 carso·
1110 454 1152 520 st

56 643 120 688 non
135 637 210 689 esse
222 623 528 707 omnipresentern3
550 626 681 690 accedit
696 625 790 690 Dens
801 623 1025 704 stdcsccadit,
1047 643 1153 708 quarn

55 712 318 792 praesentiusue
340 712 529 773 testimonia
549 711 628 788 dat;
659 713 784 775 recedit
806 715 840 774 et
861 711 1023 786 ascendit,
1045 727 1153 794 quum

55 799 167 876 gratim
183 815 253 858 sum
268 795 422 880 symbola
437 796 604 872 subducit,
626 805 661 862 et
684 797 838 860 salutaris
860 799 1039 878 presentie
1055 799 1151 880 sigua

56 881 247 944 homiuibus
270 879 424 964 denegat.
468 884 499 946 8.
522 881 833 966 Omniproeseutiam
858 879 925 944 Dei
949 901 1017 948 nou
1043 881 1151 966 indig-

4 999 5 1026 i
57 985 130 1030 unm
147 985 221 1032 esse
237 967 409 1048 majestate
430 963 553 1043 divind,
575 969 669 1050 quasi
691 981 758 1032 uon
782 971 893 1050 posset
914 985 985 1030 esse
1002 967 1095 1030 Deus
1115 971 1151 1032 in

4 1045 5 1122 ᾗ
55 1051 134 1116 locis
158 1055 390 1152 spurcissimis,
411 1054 493 1135 quin
520 1061 820 1138 conspurcaretur3
850 1071 928 1115 nam
952 1071 1031 1116 oum
1056 1051 1151 1116 Deus

4 1141 5 1170 ³
56 1141 125 1201 sits
146 1137 258 1212 intus,
279 1140 453 1219 tcorpore
468 1140 560 1221 tangi
577 1157 644 1202 non
660 1146 781 1222 potest.
825 1138 856 1200 4.
882 1137 1153 1220 omnipraesenti-
1238 1167 1241 1176 ·

56 1241 107 1286 am
125 1159 191 1286 lter
208 1239 275 1286 non
290 1223 460 1307 impedire,
475 1227 653 1308 quominus
666 1225 758 1288 Deus
778 1223 911 1288 dicatur
935 1221 1037 1286 modo
1053 1245 1154 1308 pecu·

57 1307 126 1372 liari
142 1309 177 1374 in
195 1308 391 1392 quibusdam
407 1307 489 1372 locis
505 1318 539 1372 et
555 1311 713 1394 personis,
737 1311 793 1374 ubi
809 1311 863 1374 vel
877 1329 943 1372 sure
958 1311 1153 1392 majestatis,

58 1393 107 1456 sel
122 1394 241 1476 gloriar
255 1393 309 1456 vel
323 1395 436 1476 gratiae
452 1397 546 1477 signa
560 1403 595 1458 et
609 1397 728 1460 effecta
743 1395 816 1472 dat3
838 1397 886 1459 ita
896 1411 968 1458 esse
982 1393 1106 1458 dicitur
1117 1397 1152 1458 in

58 1482 147 1556 coo,
169 1483 250 1564 quia
265 1479 383 1542 divium
404 1479 528 1562 gloria,
551 1484 742 1564 presentie,
766 1481 946 1562 nraJestatis
968 1481 1151 1563 explicatio

59 1565 153 1646 longe
167 1569 220 1628 est
233 1565 393 1634 illustrior
407 1569 440 1629 in
457 1567 558 1644 omlis,
582 1565 669 1631 unde
681 1567 906 1650 metaphorice
919 1565 983 1627 Dei
999 1565 1150 1643 thronus,

59 1649 118 1714 Dei
130 1651 316 1732 palatium,
338 1653 570 1715 sanctuarium
585 1653 728 1730 dicitur3
749 1653 871 1736 quibus
886 1649 1090 1728 addendum,
1112 1651 1149 1716 id

56 1734 115 1799 dici
128 1737 244 1810 etiam,
260 1743 298 1798 ut
313 1733 498 1818 cogitemus
513 1737 555 1800 de
571 1737 647 1802 Deo
663 1739 793 1800 nonnisi
810 1737 975 1816 sublimia,
990 1739 1148 1812 maxims,

56 1839 152 1906 snpra
168 1823 329 1884 humanas
344 1829 378 1884 et
392 1829 539 1885 terrenas
556 1841 664 1888 rerum
680 1825 767 1886 vices
781 1829 816 1885 et
831 1839 927 1885 casus
940 1843 949 1898 3
971 1828 1006 1884 et
1020 1825 1150 1885 animos
1199 1874 1204 1888 .

55 1914 182 1970 nostros
197 1909 231 1969 iu
244 1907 396 1993 precibus
411 1911 432 1971 t
446 1909 584 1972 terrenis
595 1909 638 1971 ad
654 1907 846 1980 celestius
861 1903 987 1990 spboerd
1000 1907 1148 1971 inferiori

54 1991 94 2055 nd
107 1993 312 2078 superiorem
329 1985 536 2056 extollamus.
579 1993 610 2055 5.
636 1992 791 2056 Eundem
813 1993 936 2068 Deum,
958 1995 1014 2076 qui
1034 1995 1148 2056 omnia

55 2079 157 2162 replet
165 2093 232 2142 sure
241 2080 390 2142 essentiis
402 2077 677 2164 omnipraesentid,
693 2079 858 2162 nullisque
870 2077 1021 2142 locorum
1032 2079 1148 2163 spatiis

52 2163 344 2240 circumscribitur,
366 2183 472 2248 neque
496 2164 662 2241 definitur,
685 2168 809 2248 quique
834 2166 868 2227 in
893 2164 977 2227 coslo
1003 2165 1146 2246 gloriam

51 2250 285 2400 quq’mmangelis
285 2256 335 2397 gt
343 2249 454 2400 ‘blatis
464 2251 614 2352 explicat
622 2257 657 2314 et
655 2249 804 2400 quaqditq
813 2251 846 2312 iu
858 2253 982 2399 sancitis
992 2249 1146 2324 fidelibus

72 2353 124 2400 sr
165 2354 202 2400 re
234 2351 270 2400 er
337 2355 368 2398 rr
397 2355 639 2410 umsuum,·1n
684 2357 782 2400 coesi
860 2355 874 2398 r
910 2353 1146 2414 raramsuam,

54 2419 176 2486 Enecb.
190 2355 362 2485 xlviiialo.
395 2425 433 2482 ut
452 2419 494 2484 de
519 2423 601 2485 lesu
619 2421 753 2485 Christo
778 2356 860 2484 nillil
884 2355 1006 2497 (glioam,
1027 2425 1145 2504 inquo

50 2511 157 2572 totam
172 2507 316 2570 Deitatis
332 2504 573 2590 plenitudinem
589 2515 734 2589 copam&
753 2507 904 2570 babitare
920 2503 1020 2569 docet
1035 2502 1145 2590 Scrip-

52 2597 139 2658 tura.
1134 2599 1138 2608 '

88 2675 174 2742 x11.
199 2675 282 2742 Hrso
299 2679 364 2743 Dei
379 2681 655 2762 omnipraescntiu
670 2674 704 2744 in
720 2669 874 2764 periculis
886 2673 928 2740 de
941 2676 1005 2742 Dei
1017 2677 1144 2742 anxilio

50 2781 107 2825 nos
136 2781 272 2826 securos
298 2762 396 2827 debet
416 2763 565 2841 reddere,
586 2785 627 2830 uc
653 2785 711 2850 per
738 2783 870 2828 omnem
892 2765 994 2827 vitam
1012 2765 1144 2848 pietatis

52 2847 236 2925 studiosos;
262 2853 339 2913 cunr
355 2869 419 2914 non
431 2853 480 2914 sit
491 2853 611 2934 procul
625 2855 647 2914 d
661 2852 764 2916 nobis.
808 2847 886 2914 Act.
903 2853 982 2913 xvii.
994 2850 1046 2912 27.
1081 2849 1145 2914 Su·

49 2935 131 3014 piet,
154 2938 213 3017 qui
227 2937 266 2997 ia
280 2937 412 3010 mundo,
428 2940 467 2997 ut
477 2940 515 2998 io
530 2941 662 3020 tempto,
687 2937 890 3012 vorabitur,
905 2939 937 2998 et
947 2942 1146 3018 praesentem

50 3020 169 3104 abique
182 3019 292 3086 Deum
306 3021 480 3104 cogitabit.

464 3201 736 3253 Q
853 3285 858 3292 ι

479 3351 635 3419 CAPUT
657 3355 720 3419 Xl.

85 3545 123 3609 ltr
139 3567 192 3628 quo
203 3551 351 3628 probatur,
372 3541 467 3608 Deum
481 3567 536 3608 esse
550 3551 608 3608 Eas
620 3549 769 3608 memorio
784 3505 941 3610 aristeaset
953 3541 1093 3610 simum.
1127 3629 1130 3636 Δ
1149 3555 1155 3560 “

90 3709 118 3772 l.
146 3707 257 3772 Dnutr
290 3727 359 3772 esse
377 3707 446 3772 Ens
476 3711 660 3774 necessarid
690 3713 845 3788 existens,
878 3713 926 3774 ita
955 3711 1145 3796 probamus.

44 3791 149 3862 Quod
163 3795 261 3862 olere,
270 3793 485 3878 intelligimus
507 3797 671 3880 pertinere
691 3795 734 3858 ad
760 3795 903 3880 aiicujus
917 3799 964 3858 rei
980 3803 1149 3871 naturam,

48 3879 79 3942 id
96 3887 212 3962 potest
227 3880 270 3942 de
286 3899 326 3944 ea
341 3899 375 3943 re
391 3887 468 3944 rere
489 3877 655 3944 affirmari.
699 3879 804 3964 Atqui
821 3883 911 3945 clare
934 3881 1149 3962 intelligimus

42 3967 258 4030 existentiam
271 3969 488 4030 necessariam
501 3968 666 4050 pertinere
677 3965 720 4028 nd
735 3965 798 4028 Dei
811 3973 977 4040 naturam,
994 3977 1073 4048 ergo
1084 3967 1146 4030 dc.

44 4049 162 4136 dlojor
176 4049 425 4115 evidentissima
440 4057 501 4126 est,
522 4053 599 4136 quia
621 4065 689 4114 non
705 4050 801 4114 aliter
816 4051 1001 4135 probantur
1016 4069 1056 4114 ea
1071 4069 1145 4134 qua

42 4155 103 4215 per
120 4155 159 4198 se
184 4137 276 4200 clara
297 4144 385 4200 snut.
432 4135 546 4200 Mittor
569 4138 616 4199 ita
642 4135 813 4218 probatur,
834 4137 1030 4200 necessario
1055 4140 1146 4202 cuis·

39 4221 153 4286 recia
164 4225 310 4306 pertinet
321 4223 363 4286 ad
375 4225 461 4286 entis
474 4222 701 4305 perfectissimi
713 4227 865 4285 naturam
879 4243 888 4298 ;
905 4225 985 4306 qnia
996 4227 1022 4286 si
1036 4231 1149 4306 posset

4 4383 6 4410 μ
35 4311 245 4394 concipiens
261 4305 536 4394 perfectissimam
548 4309 619 4374 sine
632 4306 816 4380 necessarii
832 4309 959 4376 existen
967 4307 1024 4388 tit,
1041 4317 1152 4396 posset

566 4407 590 4456 s·
802 4411 806 4420 ’
