3032 4998
339 389 378 454 16
644 400 849 456 runonoors
870 403 1098 456 onsrsrrsrrn.
1294 385 1383 473 [Lib.
1398 387 1430 454 i.

335 557 542 628 Testamenti
557 564 687 644 ngntur,
708 567 743 626 et
765 561 962 639 virtutium,
983 563 1010 626 si
1034 559 1077 624 de
1099 557 1190 624 Nori
1220 555 1433 624 Testamenti

332 647 427 712 libris
437 652 614 731 queratur:
630 649 781 728 quumvis
791 649 879 712 enim
889 648 932 712 de
941 643 1137 730 quibusdum
1149 644 1266 708 borum
1278 646 1433 728 aliquun-

334 733 380 798 do
406 733 595 798 dubitatum
616 735 670 808 sit,
691 739 731 796 ut
749 732 793 796 de
817 733 906 800 Petri
923 729 1075 816 Epistoli
1089 731 1274 816 posteriori,
1295 730 1434 806 iacobi,

332 819 442 895 iude,
475 825 511 882 et
531 817 660 881 duobus
681 819 920 900 posterioribus
943 819 1117 893 iohannis,
1149 823 1184 879 et
1209 812 1359 898 Epistolt
1385 817 1435 880 nd

335 903 505 980 Hebruos,
535 909 638 986 ntque
658 901 875 990 Apocalypsi,
897 923 965 968 non
991 905 1035 966 sb
1059 902 1211 968 omnibus
1237 901 1432 966 dubitatum

334 1009 418 1067 esse,
438 1007 660 1072 neesemper,
693 998 822 1054 eertum
845 995 907 1054 est.
967 991 1078 1055 Unum
1093 987 1226 1064 nddnm,
1248 989 1373 1071 primos
1389 988 1431 1050 li·

332 1075 411 1138 bros
428 1073 559 1138 Veteris
574 1074 779 1138 Testamenti
800 1075 966 1141 Hebrsioe
987 1078 1140 1158 scriptor,
1169 1079 1287 1156 preter
1313 1075 1433 1156 cupite

330 1160 484 1245 quedem
506 1179 579 1243 quse
596 1157 781 1226 Cbslduioo
803 1161 962 1226 idiomnte
976 1159 1100 1224 trudito
1113 1166 1201 1234 sunt,
1222 1161 1256 1222 in
1274 1157 1434 1234 Daniele,

326 1255 362 1310 et
373 1247 460 1310 Erro
471 1267 481 1324 3
491 1243 664 1310 addendus
679 1247 831 1310 versioni.
851 1248 899 1310 li.
913 1268 943 1310 o.
958 1267 993 1310 x.
1009 1247 1171 1318 Jeremie,
1193 1244 1276 1307 ulios
1287 1249 1366 1308 vero
1380 1243 1429 1307 N.

324 1331 458 1396 imdsris
468 1329 602 1408 crece
617 1332 698 1413 quin
708 1331 778 1396 bes
789 1333 903 1416 lingue
913 1335 1083 1398 notissime
1094 1334 1180 1394 inter
1189 1329 1329 1405 Gentes,
1339 1348 1428 1412 quus

326 1417 372 1481 nd
387 1419 437 1480 sui
459 1418 727 1516 communionem
742 1436 864 1482 vocure
890 1419 1024 1482 roiebnt
1045 1419 1159 1493 Deus;
1181 1417 1248 1480 imo
1269 1413 1428 1478 Romani

384 1693 421 1759 ιε
498 1691 548 1736 ur·

784 1869 959 1884 Ἣ

743 2035 900 2102 CAPUT
943 2033 1005 2100 VI.

586 2209 636 2268 Ds
646 2209 805 2268 Diniritute
817 2208 964 2268 Librorum
977 2207 1140 2288 seriptum.

176 2376 180 2390 '
210 2354 214 2365 ¹
235 2346 248 2368 κ
369 2375 398 2439 Ι.
421 2373 615 2440 Hscruttus
629 2373 784 2451 vidimus,
805 2375 840 2437 iu
866 2375 988 2456 quibus
1002 2371 1093 2439 libris
1108 2333 1421 2458 reperiri'eredntur

326 2457 477 2524 Verbum
501 2459 724 2537 Deisvsrrim
748 2459 828 2542 quis
849 2457 994 2524 dubitnri
1010 2465 1134 2544 posset,
1163 2475 1207 2522 nn
1229 2465 1344 2522 rerem
1365 2459 1419 2522 ilii

323 2549 392 2610 sint
403 2545 519 2622 divini,
539 2551 641 2628 prout
653 2545 827 2621 hubentur,
845 2547 916 2627 jero
931 2545 1015 2609 illud
1025 2545 1121 2609 nobis
1135 2542 1357 2628 probsndnm.

368 2632 415 2695 11.
439 2631 488 2695 Ut
511 2629 547 2694 id
566 2630 636 2708 unt,
657 2629 890 2714 inquirendum
905 2637 957 2695 est
975 2622 1010 2695 in
1032 2651 1089 2694 eos
1114 2631 1332 2706 obnrnoteres,
1354 2633 1419 2712 qui

326 2717 563 2798 concipiuntur
578 2735 649 2779 erss
673 2716 795 2781 debere
820 2717 856 2778 in
872 2715 963 2780 libris
977 2717 1142 2792 θιοηιυςοκ,
1158 2722 1193 2779 et
1219 2734 1263 2779 ex
1289 2715 1418 2798 quibus

323 2801 475 2884 dignosci
486 2807 596 2884 potest
606 2818 690 2885 opus
702 2799 852 2865 divinum
863 2802 907 2864 sb
917 2799 1079 2878 buman03
1093 2803 1210 2884 postet
1219 2799 1420 2878 ridendum,

320 2904 367 2950 sn
376 2889 399 2949 ii
410 2886 633 2962 obernoteres,
648 2889 682 2950 in
693 2886 784 2948 tibris
794 2885 904 2950 nitetis
913 2890 1022 2971 cupite
1033 2888 1204 2970 superiori,
1219 2892 1418 2964 ooourrnnt;

323 2977 505 3055 utrumque
521 2972 593 3054 jum
613 2971 859 3056 prrsstsbimnr,
895 2982 1073 3058 postquem
1098 2971 1141 3036 de
1162 2969 1294 3036 dnobus
1320 2971 1417 3038 bisce

321 3059 559 3122 monuerimus.
609 3057 637 3121 1.
671 3057 751 3122 Nou
773 3074 879 3122 uunm
903 3059 1129 3124 ebersoterem
1152 3059 1196 3121 ub
1220 3057 1287 3120 siio
1301 3057 1418 3140 sejun-

321 3139 486 3226 gendum
507 3149 619 3226 posset
643 3146 732 3210 enim
747 3143 829 3218 fieri,
850 3149 889 3208 nt
903 3146 1024 3229 sliqnis
1040 3145 1159 3208 borum
1179 3143 1417 3208 obsrneterum

321 3229 357 3290 in
372 3228 457 3293 libro
484 3227 630 3293 humano
654 3233 864 3314 reperiretur.
919 3231 965 3294 11.
995 3229 1074 3294 Non
1100 3247 1234 3294 neeesse
1256 3248 1326 3293 esse
1348 3228 1417 3292 hos

321 3331 437 3377 omnes
461 3313 669 3378 oberosteres
694 3320 727 3378 in
752 3315 891 3398 singulis
911 3315 1001 3379 libris
1027 3316 1190 3393 inveniri3
1226 3333 1294 3379 nou
1320 3316 1415 3379 enirn

320 3417 406 3548 oppii
420 3403 481 3474 est,
490 3407 534 3500 Ιιιι
544 3399 662 3547 epuem
673 3399 849 3549 spolengore
858 3401 1010 3484 fulgeant
1019 3419 1146 3481 omnes,
1161 3406 1278 3464 utnon
1290 3399 1414 3466 eodem

320 3503 352 3547 m
400 3504 562 3550 oemrosn
588 3503 623 3548 ιιι
639 3503 689 3548 eos
737 3505 764 3548 sr
789 3503 855 3549 ers.

362 3569 426 3635 111.
449 3570 536 3634 Ssne
550 3575 679 3636 attente
689 3573 869 3655 inquirenti
881 3574 915 3636 in
930 3573 1140 3641 eburnoteres
1152 3571 1336 3639 divinitatis
1349 3573 1414 3638 uli·

318 3657 417 3739 cnjus
426 3655 501 3720 libri
512 3663 695 3720 ooonrrunt
710 3659 876 3742 precipue
890 3661 944 3723 isti
954 3668 1151 3744 sequeutm

361 3739 498 3806 Primus
512 3741 686 3806 eburneter
696 3749 758 3819 est,
779 3743 863 3807 nibil
878 3746 939 3808 nisi
951 3763 1067 3811 verum
1081 3745 1201 3810 dicere.

360 3827 542 3906 Secundus,
563 3845 604 3891 en
616 3828 761 3912 pondere
773 3833 942 3915 mysteria,
964 3851 1038 3914 que
1050 3832 1093 3896 ub
1108 3831 1254 3895 humnno
1269 3832 1410 3914 ingenio

317 3929 473 3977 emanere
498 3931 565 3977 non
590 3917 728 3998 possint,
749 3915 807 3978 sed
821 3935 896 3999 qum
911 3921 1023 3980 tumen
1045 3935 1122 3982 oum
1142 3919 1181 3980 iis
1201 3916 1408 3996 notionibus,

315 4015 399 4080 quus
415 3997 508 4062 Deus
523 4003 648 4064 noturus
665 4001 829 4066 mentibus
840 4003 1004 4086 impressit
1018 4003 1115 4081 belle,
1131 4007 1349 4068 consentiunt.

364 4079 508 4160 Tertius,
540 4086 668 4150 snitum
694 4093 844 4152 nostrum
873 4094 909 4153 et
933 4090 1062 4152 snimos
1086 4091 1185 4172 uniet
1198 4087 1257 4170 ‚nd
1284 4105 1407 4165 ,verum

315 4165 448 4231 Numen
464 4167 616 4252 dirigere.
729 4183 732 4186 “
931 4199 937 4217 ¹
1083 4181 1091 4201 '
1157 4180 1173 4220 ί·
1219 4181 1224 4190 ’
1285 4193 1313 4226 ϊ
1346 4173 1387 4219 ‘-

360 4251 519 4331 Quorum,
540 4259 589 4320 its
600 4263 745 4325 mentem
757 4261 949 4343 intormsre,
963 4248 1411 4348 utinexpteusvitiusdu-
