<?xml version="1.0" encoding="UTF-8"?>
<!DOCTYPE html PUBLIC "-//W3C//DTD XHTML 1.0 Transitional//EN"
    "http://www.w3.org/TR/xhtml1/DTD/xhtml1-transitional.dtd">
<html xmlns="http://www.w3.org/1999/xhtml" xml:lang="en" lang="en">
 <head>
  <title>
</title>
<meta http-equiv="Content-Type" content="text/html;charset=utf-8" />
  <meta name='ocr-system' content='tesseract 3.04.00' />
  <meta name='ocr-capabilities' content='ocr_page ocr_carea ocr_par ocr_line ocrx_word'/>
</head>
<body>
  <div class='ocr_page' id='page_1' title='image "./theologiachrist00pictgoog_0320.png"; bbox 0 0 3000 5006; ppageno 0'>
   <div class='ocr_carea' id='block_1_1' title="bbox 239 421 1423 558">
    <p class='ocr_par' dir='ltr' id='par_1_1' title="bbox 239 421 1423 558">
     <span class='ocr_line' id='line_1_1' title="bbox 239 421 1423 558; baseline -0.005 -29"><span class='ocrx_word' id='word_1_1' title='bbox 239 421 242 430; x_wconf 28' lang='lat'><em>*</em></span> <span class='ocrx_word' id='word_1_2' title='bbox 341 441 407 530; x_wconf 66' lang='lat' dir='ltr'>&#39;dud</span> <span class='ocrx_word' id='word_1_3' title='bbox 675 435 878 558; x_wconf 70' lang='lat' dir='ltr'>rnmnoers</span> <span class='ocrx_word' id='word_1_4' title='bbox 899 461 1125 524; x_wconf 73' lang='lat' dir='ltr'>omniun.</span> <span class='ocrx_word' id='word_1_5' title='bbox 1258 447 1423 544; x_wconf 76' lang='lat' dir='ltr'>[smix.</span> 
     </span>
    </p>
   </div>
   <div class='ocr_carea' id='block_1_2' title="bbox 324 627 1497 4394">
    <p class='ocr_par' dir='ltr' id='par_1_2' title="bbox 335 627 1434 1214">
     <span class='ocr_line' id='line_1_2' title="bbox 338 627 1427 722; baseline -0.006 -22"><span class='ocrx_word' id='word_1_6' title='bbox 338 635 520 722; x_wconf 79' lang='lat' dir='ltr'>proprium,</span> <span class='ocrx_word' id='word_1_7' title='bbox 543 635 581 696; x_wconf 91' lang='lat' dir='ltr'>ot</span> <span class='ocrx_word' id='word_1_8' title='bbox 594 651 662 696; x_wconf 89' lang='lat' dir='ltr'>noo</span> <span class='ocrx_word' id='word_1_9' title='bbox 679 631 778 696; x_wconf 80' lang='lat' dir='ltr'>modo</span> <span class='ocrx_word' id='word_1_10' title='bbox 791 637 886 696; x_wconf 85' lang='lat' dir='ltr'>sotus</span> <span class='ocrx_word' id='word_1_11' title='bbox 901 629 979 694; x_wconf 77' lang='lat' dir='ltr'>fidel</span> <span class='ocrx_word' id='word_1_12' title='bbox 990 636 1025 694; x_wconf 86' lang='lat' dir='ltr'>et</span> <span class='ocrx_word' id='word_1_13' title='bbox 1039 630 1209 696; x_wconf 75' lang='lat' dir='ltr'>obedistis</span> <span class='ocrx_word' id='word_1_14' title='bbox 1220 637 1346 707; x_wconf 76' lang='lat' dir='ltr'>exeret,</span> <span class='ocrx_word' id='word_1_15' title='bbox 1367 627 1427 694; x_wconf 86' lang='lat' dir='ltr'>sed</span> 
     </span>
     <span class='ocr_line' id='line_1_3' title="bbox 336 716 1426 804; baseline -0.006 -18"><span class='ocrx_word' id='word_1_16' title='bbox 336 727 372 786; x_wconf 86' lang='lat' dir='ltr'>iu</span> <span class='ocrx_word' id='word_1_17' title='bbox 387 737 423 786; x_wconf 77' lang='lat' dir='ltr'>se</span> <span class='ocrx_word' id='word_1_18' title='bbox 444 727 548 804; x_wconf 74' lang='lat' dir='ltr'>ipsum</span> <span class='ocrx_word' id='word_1_19' title='bbox 562 716 685 782; x_wconf 76' lang='lat' dir='ltr'>reflexa</span> <span class='ocrx_word' id='word_1_20' title='bbox 698 726 878 798; x_wconf 70' lang='lat' dir='ltr'>eognoscat</span> <span class='ocrx_word' id='word_1_21' title='bbox 892 735 927 779; x_wconf 83' lang='lat' dir='ltr'>se</span> <span class='ocrx_word' id='word_1_22' title='bbox 942 718 1045 798; x_wconf 81' lang='lat' dir='ltr'>lpssm</span> <span class='ocrx_word' id='word_1_23' title='bbox 1067 718 1197 791; x_wconf 83' lang='lat' dir='ltr'>elicere,</span> <span class='ocrx_word' id='word_1_24' title='bbox 1219 717 1297 780; x_wconf 87' lang='lat' dir='ltr'>lslno</span> <span class='ocrx_word' id='word_1_25' title='bbox 1313 718 1426 780; x_wconf 87' lang='lat' dir='ltr'>obser-</span> 
     </span>
     <span class='ocr_line' id='line_1_4' title="bbox 337 799 1426 878; baseline -0.006 -7"><span class='ocrx_word' id='word_1_26' title='bbox 337 811 486 872; x_wconf 81' lang='lat' dir='ltr'>rorimus</span> <span class='ocrx_word' id='word_1_27' title='bbox 499 823 571 868; x_wconf 82' lang='lat' dir='ltr'>esse</span> <span class='ocrx_word' id='word_1_28' title='bbox 585 811 681 868; x_wconf 83' lang='lat' dir='ltr'>setus</span> <span class='ocrx_word' id='word_1_29' title='bbox 694 803 768 866; x_wconf 82' lang='lat' dir='ltr'>fidei</span> <span class='ocrx_word' id='word_1_30' title='bbox 786 799 934 878; x_wconf 77' lang='lat' dir='ltr'>reflexos,</span> <span class='ocrx_word' id='word_1_31' title='bbox 955 809 1042 864; x_wconf 88' lang='lat' dir='ltr'>utet</span> <span class='ocrx_word' id='word_1_32' title='bbox 1056 800 1210 865; x_wconf 78' lang='lat' dir='ltr'>directos.</span> <span class='ocrx_word' id='word_1_33' title='bbox 1247 804 1279 865; x_wconf 82' lang='lat' dir='ltr'>o.</span> <span class='ocrx_word' id='word_1_34' title='bbox 1296 801 1426 866; x_wconf 80' lang='lat' dir='ltr'>Eodem</span> 
     </span>
     <span class='ocr_line' id='line_1_5' title="bbox 335 887 1434 974; baseline -0.004 -20"><span class='ocrx_word' id='word_1_35' title='bbox 335 899 544 974; x_wconf 76' lang='lat' dir='ltr'>srgnmenus,</span> <span class='ocrx_word' id='word_1_36' title='bbox 564 907 638 974; x_wconf 78' lang='lat' dir='ltr'>qun</span> <span class='ocrx_word' id='word_1_37' title='bbox 655 889 796 971; x_wconf 76' lang='lat' dir='ltr'>probunt</span> <span class='ocrx_word' id='word_1_38' title='bbox 814 887 944 952; x_wconf 82' lang='lat' dir='ltr'>ddelem</span> <span class='ocrx_word' id='word_1_39' title='bbox 960 905 1056 970; x_wconf 83' lang='lat' dir='ltr'>posse</span> <span class='ocrx_word' id='word_1_40' title='bbox 1075 903 1145 950; x_wconf 84' lang='lat' dir='ltr'>esse</span> <span class='ocrx_word' id='word_1_41' title='bbox 1159 894 1286 950; x_wconf 87' lang='lat' dir='ltr'>certum</span> <span class='ocrx_word' id='word_1_42' title='bbox 1303 887 1347 950; x_wconf 79' lang='lat' dir='ltr'>de</span> <span class='ocrx_word' id='word_1_43' title='bbox 1361 887 1434 950; x_wconf 75' lang='lat' dir='ltr'>dile</span> 
     </span>
     <span class='ocr_line' id='line_1_6' title="bbox 336 971 1430 1058; baseline -0.005 -17"><span class='ocrx_word' id='word_1_44' title='bbox 336 977 406 1050; x_wconf 79' lang='lat' dir='ltr'>sod,</span> <span class='ocrx_word' id='word_1_45' title='bbox 429 977 545 1040; x_wconf 78' lang='lat' dir='ltr'>eodem</span> <span class='ocrx_word' id='word_1_46' title='bbox 562 975 703 1058; x_wconf 77' lang='lat' dir='ltr'>probent</span> <span class='ocrx_word' id='word_1_47' title='bbox 720 991 814 1056; x_wconf 87' lang='lat' dir='ltr'>posse</span> <span class='ocrx_word' id='word_1_48' title='bbox 828 991 898 1037; x_wconf 87' lang='lat' dir='ltr'>esse</span> <span class='ocrx_word' id='word_1_49' title='bbox 913 979 1041 1036; x_wconf 83' lang='lat' dir='ltr'>certum</span> <span class='ocrx_word' id='word_1_50' title='bbox 1057 971 1099 1036; x_wconf 90' lang='lat' dir='ltr'>de</span> <span class='ocrx_word' id='word_1_51' title='bbox 1114 972 1220 1036; x_wconf 76' lang='lat' dir='ltr'>solute</span> <span class='ocrx_word' id='word_1_52' title='bbox 1243 971 1323 1038; x_wconf 79' lang='lat' dir='ltr'>sod:</span> <span class='ocrx_word' id='word_1_53' title='bbox 1351 972 1430 1036; x_wconf 77' lang='lat' dir='ltr'>ideo</span> 
     </span>
     <span class='ocr_line' id='line_1_7' title="bbox 335 1057 1428 1136; baseline -0.003 -9"><span class='ocrx_word' id='word_1_54' title='bbox 335 1063 379 1128; x_wconf 87' lang='lat' dir='ltr'>ds</span> <span class='ocrx_word' id='word_1_55' title='bbox 395 1063 435 1127; x_wconf 81' lang='lat' dir='ltr'>ed</span> <span class='ocrx_word' id='word_1_56' title='bbox 448 1064 530 1127; x_wconf 87' lang='lat' dir='ltr'>oerti</span> <span class='ocrx_word' id='word_1_57' title='bbox 554 1063 689 1124; x_wconf 83' lang='lat' dir='ltr'>luerunt</span> <span class='ocrx_word' id='word_1_58' title='bbox 702 1057 825 1136; x_wconf 78' lang='lat' dir='ltr'>fideles,</span> <span class='ocrx_word' id='word_1_59' title='bbox 848 1059 988 1136; x_wconf 77' lang='lat' dir='ltr'>Paulus,</span> <span class='ocrx_word' id='word_1_60' title='bbox 1010 1057 1110 1122; x_wconf 84' lang='lat' dir='ltr'>Rom.</span> <span class='ocrx_word' id='word_1_61' title='bbox 1126 1059 1192 1122; x_wconf 88' lang='lat' dir='ltr'>rili.</span> <span class='ocrx_word' id='word_1_62' title='bbox 1209 1059 1260 1122; x_wconf 76' lang='grc'>88.</span> <span class='ocrx_word' id='word_1_63' title='bbox 1296 1057 1428 1134; x_wconf 71' lang='lat' dir='ltr'>Dauid,</span> 
     </span>
     <span class='ocr_line' id='line_1_8' title="bbox 336 1145 636 1214; baseline -0.02 0"><span class='ocrx_word' id='word_1_64' title='bbox 336 1149 391 1214; x_wconf 85' lang='lat' dir='ltr'>Pr.</span> <span class='ocrx_word' id='word_1_65' title='bbox 407 1151 501 1214; x_wconf 82' lang='lat' dir='ltr'>xxiii.</span> <span class='ocrx_word' id='word_1_66' title='bbox 521 1155 556 1212; x_wconf 85' lang='lat' dir='ltr'>et</span> <span class='ocrx_word' id='word_1_67' title='bbox 569 1145 636 1208; x_wconf 84' lang='lat' dir='ltr'>olii.</span> 
     </span>
    </p>

    <p class='ocr_par' dir='ltr' id='par_1_3' title="bbox 326 1229 1497 3348">
     <span class='ocr_line' id='line_1_9' title="bbox 380 1229 1428 1306; baseline -0.006 -8"><span class='ocrx_word' id='word_1_68' title='bbox 380 1236 412 1298; x_wconf 95' lang='lat' dir='ltr'>ll</span> <span class='ocrx_word' id='word_1_69' title='bbox 448 1233 512 1298; x_wconf 78' lang='lat' dir='ltr'>Sed</span> <span class='ocrx_word' id='word_1_70' title='bbox 535 1235 627 1294; x_wconf 81' lang='lat' dir='ltr'>rsriu</span> <span class='ocrx_word' id='word_1_71' title='bbox 646 1229 700 1294; x_wconf 83' lang='lat' dir='ltr'>lrlo</span> <span class='ocrx_word' id='word_1_72' title='bbox 719 1229 925 1294; x_wconf 84' lang='lat' dir='ltr'>obserronds</span> <span class='ocrx_word' id='word_1_73' title='bbox 946 1237 1035 1306; x_wconf 89' lang='lat' dir='ltr'>sunt,</span> <span class='ocrx_word' id='word_1_74' title='bbox 1064 1229 1191 1304; x_wconf 71' lang='lat' dir='ltr'>Primo,</span> <span class='ocrx_word' id='word_1_75' title='bbox 1213 1249 1280 1294; x_wconf 90' lang='lat' dir='ltr'>non</span> <span class='ocrx_word' id='word_1_76' title='bbox 1300 1233 1428 1292; x_wconf 71' lang='lat' dir='ltr'>temere</span> 
     </span>
     <span class='ocr_line' id='line_1_10' title="bbox 335 1313 1427 1398; baseline -0.006 -13"><span class='ocrx_word' id='word_1_77' title='bbox 335 1319 503 1390; x_wconf 80' lang='lat' dir='ltr'>loominsns</span> <span class='ocrx_word' id='word_1_78' title='bbox 518 1316 638 1380; x_wconf 75' lang='lat' dir='ltr'>dobere</span> <span class='ocrx_word' id='word_1_79' title='bbox 653 1315 786 1380; x_wconf 82' lang='lat' dir='ltr'>eredere</span> <span class='ocrx_word' id='word_1_80' title='bbox 801 1335 836 1380; x_wconf 87' lang='lat' dir='ltr'>se</span> <span class='ocrx_word' id='word_1_81' title='bbox 859 1317 979 1380; x_wconf 79' lang='lat' dir='ltr'>lubere</span> <span class='ocrx_word' id='word_1_82' title='bbox 993 1315 1103 1388; x_wconf 81' lang='lat' dir='ltr'>fldem,</span> <span class='ocrx_word' id='word_1_83' title='bbox 1125 1313 1181 1378; x_wconf 85' lang='lat' dir='ltr'>sed</span> <span class='ocrx_word' id='word_1_84' title='bbox 1199 1325 1271 1398; x_wconf 90' lang='lat' dir='ltr'>post</span> <span class='ocrx_word' id='word_1_85' title='bbox 1286 1333 1427 1379; x_wconf 79' lang='lat' dir='ltr'>sonum·</span> 
     </span>
     <span class='ocr_line' id='line_1_11' title="bbox 333 1401 1426 1484; baseline -0.005 -14"><span class='ocrx_word' id='word_1_86' title='bbox 333 1413 406 1470; x_wconf 85' lang='lat' dir='ltr'>toni</span> <span class='ocrx_word' id='word_1_87' title='bbox 429 1421 588 1478; x_wconf 62' lang='lat' dir='ltr'>exornem</span> <span class='ocrx_word' id='word_1_88' title='bbox 619 1401 702 1464; x_wconf 83' lang='lat' dir='ltr'>lslso</span> <span class='ocrx_word' id='word_1_89' title='bbox 724 1405 812 1466; x_wconf 87' lang='lat' dir='ltr'>enim</span> <span class='ocrx_word' id='word_1_90' title='bbox 836 1403 944 1465; x_wconf 84' lang='lat' dir='ltr'>osrnis</span> <span class='ocrx_word' id='word_1_91' title='bbox 969 1401 1157 1483; x_wconf 70' lang='lat' dir='ltr'>presumtio</span> <span class='ocrx_word' id='word_1_92' title='bbox 1178 1409 1285 1484; x_wconf 86' lang='lat' dir='ltr'>potest</span> <span class='ocrx_word' id='word_1_93' title='bbox 1307 1419 1426 1465; x_wconf 77' lang='lat' dir='ltr'>rernm</span> 
     </span>
     <span class='ocr_line' id='line_1_12' title="bbox 332 1485 1427 1572; baseline -0.005 -16"><span class='ocrx_word' id='word_1_94' title='bbox 332 1491 408 1556; x_wconf 82' lang='lat' dir='ltr'>fidei</span> <span class='ocrx_word' id='word_1_95' title='bbox 436 1491 679 1572; x_wconf 70' lang='lat' dir='ltr'>persuasionem</span> <span class='ocrx_word' id='word_1_96' title='bbox 711 1489 852 1550; x_wconf 88' lang='lat' dir='ltr'>mentiri.</span> <span class='ocrx_word' id='word_1_97' title='bbox 899 1487 1016 1570; x_wconf 82' lang='lat' dir='ltr'>linque</span> <span class='ocrx_word' id='word_1_98' title='bbox 1045 1485 1253 1570; x_wconf 81' lang='lat' dir='ltr'>expendendi</span> <span class='ocrx_word' id='word_1_99' title='bbox 1284 1485 1427 1558; x_wconf 77' lang='lat' dir='ltr'>elieotns</span> 
     </span>
     <span class='ocr_line' id='line_1_13' title="bbox 333 1572 1428 1653; baseline -0.002 -15"><span class='ocrx_word' id='word_1_100' title='bbox 333 1595 420 1640; x_wconf 80' lang='lat' dir='ltr'>verre</span> <span class='ocrx_word' id='word_1_101' title='bbox 433 1575 520 1651; x_wconf 79' lang='lat' dir='ltr'>ddei,</span> <span class='ocrx_word' id='word_1_102' title='bbox 540 1591 760 1653; x_wconf 68' lang='lat' dir='ltr'>agnoscemus</span> <span class='ocrx_word' id='word_1_103' title='bbox 773 1581 884 1636; x_wconf 82' lang='lat' dir='ltr'>sutem</span> <span class='ocrx_word' id='word_1_104' title='bbox 900 1589 943 1634; x_wconf 79' lang='lat' dir='ltr'>on</span> <span class='ocrx_word' id='word_1_105' title='bbox 967 1590 1045 1635; x_wconf 84' lang='lat' dir='ltr'>vers</span> <span class='ocrx_word' id='word_1_106' title='bbox 1058 1575 1102 1635; x_wconf 90' lang='lat' dir='ltr'>sit</span> <span class='ocrx_word' id='word_1_107' title='bbox 1117 1572 1207 1644; x_wconf 78' lang='lat' dir='ltr'>fides,</span> <span class='ocrx_word' id='word_1_108' title='bbox 1229 1575 1267 1648; x_wconf 90' lang='lat' dir='ltr'>si,</span> <span class='ocrx_word' id='word_1_109' title='bbox 1293 1572 1321 1636; x_wconf 96' lang='lat' dir='ltr'>l.</span> <span class='ocrx_word' id='word_1_110' title='bbox 1345 1573 1428 1636; x_wconf 86' lang='lat' dir='ltr'>Seu·</span> 
     </span>
     <span class='ocr_line' id='line_1_14' title="bbox 332 1657 1427 1743; baseline -0.005 -17"><span class='ocrx_word' id='word_1_111' title='bbox 332 1663 455 1726; x_wconf 85' lang='lat' dir='ltr'>tismns</span> <span class='ocrx_word' id='word_1_112' title='bbox 469 1662 716 1743; x_wconf 79' lang='lat' dir='ltr'>corruptionem</span> <span class='ocrx_word' id='word_1_113' title='bbox 733 1667 890 1734; x_wconf 81' lang='lat' dir='ltr'>nostrum,</span> <span class='ocrx_word' id='word_1_114' title='bbox 912 1663 946 1720; x_wconf 88' lang='lat' dir='ltr'>et</span> <span class='ocrx_word' id='word_1_115' title='bbox 969 1657 1156 1741; x_wconf 85' lang='lat' dir='ltr'>nobisipsis</span> <span class='ocrx_word' id='word_1_116' title='bbox 1180 1657 1427 1740; x_wconf 72' lang='lat' dir='ltr'>displiceamus.</span> 
     </span>
     <span class='ocr_line' id='line_1_15' title="bbox 332 1741 1429 1832; baseline -0.003 -22"><span class='ocrx_word' id='word_1_117' title='bbox 332 1748 361 1814; x_wconf 77' lang='lat'>2.</span> <span class='ocrx_word' id='word_1_118' title='bbox 387 1747 420 1810; x_wconf 89' lang='lat' dir='ltr'>Si</span> <span class='ocrx_word' id='word_1_119' title='bbox 449 1754 587 1832; x_wconf 82' lang='lat' dir='ltr'>peoosto</span> <span class='ocrx_word' id='word_1_120' title='bbox 609 1743 687 1807; x_wconf 94' lang='lat' dir='ltr'>odio</span> <span class='ocrx_word' id='word_1_121' title='bbox 711 1743 900 1819; x_wconf 72' lang='lat' dir='ltr'>debeamus,</span> <span class='ocrx_word' id='word_1_122' title='bbox 921 1741 1092 1806; x_wconf 73' lang='lat' dir='ltr'>doleamus</span> <span class='ocrx_word' id='word_1_123' title='bbox 1114 1746 1328 1816; x_wconf 85' lang='lat' dir='ltr'>commisisse,</span> <span class='ocrx_word' id='word_1_124' title='bbox 1351 1761 1429 1826; x_wconf 84' lang='lat' dir='ltr'>pee-</span> 
     </span>
     <span class='ocr_line' id='line_1_16' title="bbox 332 1827 1428 1906; baseline -0.005 -9"><span class='ocrx_word' id='word_1_125' title='bbox 332 1831 430 1896; x_wconf 75' lang='lat' dir='ltr'>oundi</span> <span class='ocrx_word' id='word_1_126' title='bbox 461 1833 651 1894; x_wconf 81' lang='lat' dir='ltr'>ooousiones</span> <span class='ocrx_word' id='word_1_127' title='bbox 683 1832 832 1902; x_wconf 77' lang='lat' dir='ltr'>vitemus,</span> <span class='ocrx_word' id='word_1_128' title='bbox 864 1833 899 1890; x_wconf 91' lang='lat' dir='ltr'>et</span> <span class='ocrx_word' id='word_1_129' title='bbox 929 1827 1181 1891; x_wconf 78' lang='lat' dir='ltr'>senetidostioui</span> <span class='ocrx_word' id='word_1_130' title='bbox 1210 1828 1428 1906; x_wconf 68' lang='lat' dir='ltr'>studeamus3</span> 
     </span>
     <span class='ocr_line' id='line_1_17' title="bbox 326 1911 1493 2000; baseline -0.006 -19"><span class='ocrx_word' id='word_1_131' title='bbox 326 1917 419 1999; x_wconf 76' lang='lat' dir='ltr'>fidos</span> <span class='ocrx_word' id='word_1_132' title='bbox 432 1917 506 1981; x_wconf 76' lang='lat' dir='ltr'>sius</span> <span class='ocrx_word' id='word_1_133' title='bbox 520 1913 673 2000; x_wconf 75' lang='lat' dir='ltr'>operibus</span> <span class='ocrx_word' id='word_1_134' title='bbox 686 1919 829 1976; x_wconf 79' lang='lat' dir='ltr'>mortuo.</span> <span class='ocrx_word' id='word_1_135' title='bbox 872 1914 905 1976; x_wconf 77' lang='grc'>8.</span> <span class='ocrx_word' id='word_1_136' title='bbox 928 1911 962 1974; x_wconf 89' lang='lat' dir='ltr'>Si</span> <span class='ocrx_word' id='word_1_137' title='bbox 977 1930 1123 1976; x_wconf 86' lang='lat' dir='ltr'>smorem</span> <span class='ocrx_word' id='word_1_138' title='bbox 1137 1913 1261 1976; x_wconf 75' lang='lat' dir='ltr'>Christi</span> <span class='ocrx_word' id='word_1_139' title='bbox 1278 1915 1312 1979; x_wconf 91' lang='lat' dir='ltr'>in</span> <span class='ocrx_word' id='word_1_140' title='bbox 1329 1916 1426 1978; x_wconf 85' lang='lat' dir='ltr'>nobis</span> <span class='ocrx_word' id='word_1_141' title='bbox 1492 1916 1493 1974; x_wconf 90' lang='lat' dir='ltr'>l</span> 
     </span>
     <span class='ocr_line' id='line_1_18' title="bbox 332 1995 1494 2078; baseline -0.003 -10"><span class='ocrx_word' id='word_1_142' title='bbox 332 2003 469 2078; x_wconf 79' lang='lat' dir='ltr'>exultet,</span> <span class='ocrx_word' id='word_1_143' title='bbox 492 2001 577 2063; x_wconf 82' lang='lat' dir='ltr'>Phil.</span> <span class='ocrx_word' id='word_1_144' title='bbox 592 2001 637 2062; x_wconf 89' lang='lat' dir='ltr'>iii.</span> <span class='ocrx_word' id='word_1_145' title='bbox 654 1998 682 2058; x_wconf 86' lang='lat'>8.</span> <span class='ocrx_word' id='word_1_146' title='bbox 717 2009 752 2060; x_wconf 88' lang='lat' dir='ltr'>et</span> <span class='ocrx_word' id='word_1_147' title='bbox 774 1995 971 2060; x_wconf 84' lang='lat' dir='ltr'>desiderium</span> <span class='ocrx_word' id='word_1_148' title='bbox 995 2017 1035 2060; x_wconf 83' lang='lat' dir='ltr'>eo</span> <span class='ocrx_word' id='word_1_149' title='bbox 1053 1998 1192 2062; x_wconf 83' lang='lat' dir='ltr'>fruendi.</span> <span class='ocrx_word' id='word_1_150' title='bbox 1237 1997 1329 2062; x_wconf 81' lang='lat' dir='ltr'>Vers‘</span> <span class='ocrx_word' id='word_1_151' title='bbox 1342 1999 1426 2064; x_wconf 80' lang='lat' dir='ltr'>ddes</span> <span class='ocrx_word' id='word_1_152' title='bbox 1493 1996 1494 2040; x_wconf 75' lang='lat' dir='ltr'>l</span> 
     </span>
     <span class='ocr_line' id='line_1_19' title="bbox 331 2081 1426 2172; baseline -0.004 -20"><span class='ocrx_word' id='word_1_153' title='bbox 331 2089 530 2152; x_wconf 77' lang='lat' dir='ltr'>dohsritste</span> <span class='ocrx_word' id='word_1_154' title='bbox 544 2103 611 2146; x_wconf 84' lang='lat' dir='ltr'>nou</span> <span class='ocrx_word' id='word_1_155' title='bbox 627 2084 755 2164; x_wconf 70' lang='lat' dir='ltr'>sejungi</span> <span class='ocrx_word' id='word_1_156' title='bbox 772 2089 902 2164; x_wconf 72' lang='lat' dir='ltr'>potest,</span> <span class='ocrx_word' id='word_1_157' title='bbox 929 2083 973 2147; x_wconf 86' lang='lat' dir='ltr'>Irs</span> <span class='ocrx_word' id='word_1_158' title='bbox 987 2081 1072 2147; x_wconf 80' lang='lat' dir='ltr'>Jssu</span> <span class='ocrx_word' id='word_1_159' title='bbox 1089 2081 1228 2172; x_wconf 71' lang='lat' dir='ltr'>Christo,</span> <span class='ocrx_word' id='word_1_160' title='bbox 1243 2103 1345 2168; x_wconf 82' lang='lat' dir='ltr'>nepus</span> <span class='ocrx_word' id='word_1_161' title='bbox 1358 2087 1426 2148; x_wconf 87' lang='lat' dir='ltr'>oir-</span> 
     </span>
     <span class='ocr_line' id='line_1_20' title="bbox 331 2169 1497 2256; baseline -0.003 -18"><span class='ocrx_word' id='word_1_162' title='bbox 331 2175 490 2238; x_wconf 73' lang='lat' dir='ltr'>miricis</span> <span class='ocrx_word' id='word_1_163' title='bbox 503 2171 678 2252; x_wconf 64' lang='lat' dir='ltr'>quemnam</span> <span class='ocrx_word' id='word_1_164' title='bbox 692 2171 793 2244; x_wconf 77' lang='lat' dir='ltr'>votet,</span> <span class='ocrx_word' id='word_1_165' title='bbox 815 2185 916 2249; x_wconf 81' lang='lat' dir='ltr'>nsque</span> <span class='ocrx_word' id='word_1_166' title='bbox 926 2173 1139 2252; x_wconf 78' lang='lat' dir='ltr'>proepuliusrs</span> <span class='ocrx_word' id='word_1_167' title='bbox 1147 2189 1162 2242; x_wconf 80' lang='lat'>,-</span> <span class='ocrx_word' id='word_1_168' title='bbox 1194 2169 1252 2233; x_wconf 87' lang='lat' dir='ltr'>sed</span> <span class='ocrx_word' id='word_1_169' title='bbox 1267 2170 1350 2234; x_wconf 85' lang='lat' dir='ltr'>lidss</span> <span class='ocrx_word' id='word_1_170' title='bbox 1365 2189 1424 2254; x_wconf 83' lang='lat' dir='ltr'>per</span> <span class='ocrx_word' id='word_1_171' title='bbox 1496 2232 1497 2256; x_wconf 50' lang='lat'>,</span> 
     </span>
     <span class='ocr_line' id='line_1_21' title="bbox 331 2252 1426 2340; baseline -0.001 -19"><span class='ocrx_word' id='word_1_172' title='bbox 331 2257 527 2322; x_wconf 75' lang='lat' dir='ltr'>ohortutsm</span> <span class='ocrx_word' id='word_1_173' title='bbox 548 2256 696 2336; x_wconf 56' lang='lat' dir='ltr'>ospopin.</span> <span class='ocrx_word' id='word_1_174' title='bbox 719 2252 796 2316; x_wconf 78' lang='lat' dir='ltr'>(inl.</span> <span class='ocrx_word' id='word_1_175' title='bbox 813 2272 843 2315; x_wconf 86' lang='lat' dir='ltr'>r.</span> <span class='ocrx_word' id='word_1_176' title='bbox 860 2254 891 2315; x_wconf 86' lang='grc'>6.</span> <span class='ocrx_word' id='word_1_177' title='bbox 934 2255 965 2316; x_wconf 85' lang='grc'>4.</span> <span class='ocrx_word' id='word_1_178' title='bbox 990 2255 1023 2316; x_wconf 85' lang='lat' dir='ltr'>Si</span> <span class='ocrx_word' id='word_1_179' title='bbox 1040 2265 1107 2318; x_wconf 86' lang='lat' dir='ltr'>non</span> <span class='ocrx_word' id='word_1_180' title='bbox 1130 2257 1259 2318; x_wconf 75' lang='lat' dir='ltr'>tuntum</span> <span class='ocrx_word' id='word_1_181' title='bbox 1278 2255 1426 2340; x_wconf 73' lang='lat' dir='ltr'>amplec-</span> 
     </span>
     <span class='ocr_line' id='line_1_22' title="bbox 329 2338 1426 2426; baseline -0.002 -18"><span class='ocrx_word' id='word_1_182' title='bbox 329 2349 440 2408; x_wconf 76' lang='lat' dir='ltr'>temur</span> <span class='ocrx_word' id='word_1_183' title='bbox 456 2341 625 2404; x_wconf 82' lang='lat' dir='ltr'>Christum</span> <span class='ocrx_word' id='word_1_184' title='bbox 644 2355 797 2423; x_wconf 79' lang='lat' dir='ltr'>moqusm</span> <span class='ocrx_word' id='word_1_185' title='bbox 813 2338 1031 2414; x_wconf 85' lang='lat' dir='ltr'>ssoerdotem,</span> <span class='ocrx_word' id='word_1_186' title='bbox 1047 2343 1102 2423; x_wconf 89' lang='lat' dir='ltr'>qui</span> <span class='ocrx_word' id='word_1_187' title='bbox 1115 2350 1252 2426; x_wconf 73' lang='lat' dir='ltr'>peccem</span> <span class='ocrx_word' id='word_1_188' title='bbox 1263 2343 1426 2426; x_wconf 70' lang='lat' dir='ltr'>expiarit,</span> 
     </span>
     <span class='ocr_line' id='line_1_23' title="bbox 329 2423 1424 2512; baseline -0.002 -18"><span class='ocrx_word' id='word_1_189' title='bbox 329 2427 387 2494; x_wconf 90' lang='lat' dir='ltr'>sed</span> <span class='ocrx_word' id='word_1_190' title='bbox 404 2435 438 2492; x_wconf 89' lang='lat' dir='ltr'>et</span> <span class='ocrx_word' id='word_1_191' title='bbox 461 2428 532 2507; x_wconf 87' lang='lat' dir='ltr'>ejus</span> <span class='ocrx_word' id='word_1_192' title='bbox 556 2433 715 2509; x_wconf 72' lang='lat' dir='ltr'>tunquam</span> <span class='ocrx_word' id='word_1_193' title='bbox 733 2427 817 2506; x_wconf 72' lang='lat' dir='ltr'>regis</span> <span class='ocrx_word' id='word_1_194' title='bbox 833 2427 936 2489; x_wconf 89' lang='lat' dir='ltr'>nostri</span> <span class='ocrx_word' id='word_1_195' title='bbox 959 2423 1109 2490; x_wconf 87' lang='lat' dir='ltr'>dominio</span> <span class='ocrx_word' id='word_1_196' title='bbox 1122 2447 1182 2490; x_wconf 88' lang='lat' dir='ltr'>nos</span> <span class='ocrx_word' id='word_1_197' title='bbox 1198 2428 1424 2512; x_wconf 76' lang='lat' dir='ltr'>subjiciemus,</span> 
     </span>
     <span class='ocr_line' id='line_1_24' title="bbox 329 2508 1421 2598; baseline -0.002 -20"><span class='ocrx_word' id='word_1_198' title='bbox 329 2519 365 2578; x_wconf 84' lang='lat' dir='ltr'>st</span> <span class='ocrx_word' id='word_1_199' title='bbox 390 2516 416 2578; x_wconf 87' lang='lat' dir='ltr'>si</span> <span class='ocrx_word' id='word_1_200' title='bbox 438 2531 514 2580; x_wconf 86' lang='lat' dir='ltr'>eum</span> <span class='ocrx_word' id='word_1_201' title='bbox 540 2531 606 2574; x_wconf 89' lang='lat' dir='ltr'>non</span> <span class='ocrx_word' id='word_1_202' title='bbox 632 2511 730 2575; x_wconf 78' lang='lat' dir='ltr'>modo</span> <span class='ocrx_word' id='word_1_203' title='bbox 757 2529 816 2592; x_wconf 93' lang='lat' dir='ltr'>pro</span> <span class='ocrx_word' id='word_1_204' title='bbox 839 2508 924 2574; x_wconf 79' lang='lat' dir='ltr'>rode</span> <span class='ocrx_word' id='word_1_205' title='bbox 948 2517 1074 2588; x_wconf 88' lang='lat' dir='ltr'>nostro,</span> <span class='ocrx_word' id='word_1_206' title='bbox 1096 2511 1152 2574; x_wconf 84' lang='lat' dir='ltr'>sed</span> <span class='ocrx_word' id='word_1_207' title='bbox 1175 2520 1209 2576; x_wconf 87' lang='lat' dir='ltr'>et</span> <span class='ocrx_word' id='word_1_208' title='bbox 1236 2533 1297 2598; x_wconf 94' lang='lat' dir='ltr'>pro</span> <span class='ocrx_word' id='word_1_209' title='bbox 1311 2516 1421 2598; x_wconf 81' lang='lat' dir='ltr'>ospite</span> 
     </span>
     <span class='ocr_line' id='line_1_25' title="bbox 329 2595 1420 2680; baseline -0.002 -16"><span class='ocrx_word' id='word_1_210' title='bbox 329 2599 522 2664; x_wconf 76' lang='lat' dir='ltr'>habeamus.</span> <span class='ocrx_word' id='word_1_211' title='bbox 564 2599 595 2660; x_wconf 74' lang='lat'>6.</span> <span class='ocrx_word' id='word_1_212' title='bbox 620 2595 652 2659; x_wconf 91' lang='lat' dir='ltr'>Si</span> <span class='ocrx_word' id='word_1_213' title='bbox 679 2597 851 2659; x_wconf 82' lang='lat' dir='ltr'>Christum</span> <span class='ocrx_word' id='word_1_214' title='bbox 872 2612 1044 2680; x_wconf 78' lang='lat' dir='ltr'>sequemur</span> <span class='ocrx_word' id='word_1_215' title='bbox 1066 2597 1099 2659; x_wconf 91' lang='lat' dir='ltr'>in</span> <span class='ocrx_word' id='word_1_216' title='bbox 1114 2601 1204 2662; x_wconf 89' lang='lat' dir='ltr'>omui</span> <span class='ocrx_word' id='word_1_217' title='bbox 1228 2607 1329 2674; x_wconf 77' lang='lat' dir='ltr'>sisto,</span> <span class='ocrx_word' id='word_1_218' title='bbox 1351 2619 1420 2662; x_wconf 86' lang='lat' dir='ltr'>non</span> 
     </span>
     <span class='ocr_line' id='line_1_26' title="bbox 329 2681 1421 2766; baseline 0 -17"><span class='ocrx_word' id='word_1_219' title='bbox 329 2685 431 2749; x_wconf 84' lang='lat' dir='ltr'>niodo</span> <span class='ocrx_word' id='word_1_220' title='bbox 447 2681 706 2764; x_wconf 74' lang='lat' dir='ltr'>triumphentem</span> <span class='ocrx_word' id='word_1_221' title='bbox 722 2685 755 2744; x_wconf 89' lang='lat' dir='ltr'>iu</span> <span class='ocrx_word' id='word_1_222' title='bbox 772 2682 873 2757; x_wconf 82' lang='lat' dir='ltr'>omlis,</span> <span class='ocrx_word' id='word_1_223' title='bbox 895 2681 953 2744; x_wconf 84' lang='lat' dir='ltr'>sed</span> <span class='ocrx_word' id='word_1_224' title='bbox 970 2691 1003 2746; x_wconf 90' lang='lat' dir='ltr'>et</span> <span class='ocrx_word' id='word_1_225' title='bbox 1016 2684 1207 2766; x_wconf 82' lang='lat' dir='ltr'>potientem.</span> <span class='ocrx_word' id='word_1_226' title='bbox 1250 2687 1278 2748; x_wconf 86' lang='lat'>6.</span> <span class='ocrx_word' id='word_1_227' title='bbox 1295 2685 1329 2748; x_wconf 83' lang='lat' dir='ltr'>si</span> <span class='ocrx_word' id='word_1_228' title='bbox 1345 2704 1421 2748; x_wconf 85' lang='lat' dir='ltr'>sen·</span> 
     </span>
     <span class='ocr_line' id='line_1_27' title="bbox 327 2765 1423 2851; baseline 0.002 -19"><span class='ocrx_word' id='word_1_229' title='bbox 327 2773 451 2832; x_wconf 71' lang='lat' dir='ltr'>dumus</span> <span class='ocrx_word' id='word_1_230' title='bbox 463 2785 577 2851; x_wconf 85' lang='lat' dir='ltr'>psoem</span> <span class='ocrx_word' id='word_1_231' title='bbox 590 2777 624 2829; x_wconf 86' lang='lat' dir='ltr'>et</span> <span class='ocrx_word' id='word_1_232' title='bbox 635 2765 793 2848; x_wconf 76' lang='lat' dir='ltr'>goudium</span> <span class='ocrx_word' id='word_1_233' title='bbox 807 2767 1033 2830; x_wconf 69' lang='lat' dir='ltr'>inenarrabile.</span> <span class='ocrx_word' id='word_1_234' title='bbox 1063 2768 1093 2830; x_wconf 90' lang='grc'>7.</span> <span class='ocrx_word' id='word_1_235' title='bbox 1106 2769 1139 2831; x_wconf 91' lang='lat' dir='ltr'>Si</span> <span class='ocrx_word' id='word_1_236' title='bbox 1151 2769 1304 2844; x_wconf 76' lang='lat' dir='ltr'>lectione,</span> <span class='ocrx_word' id='word_1_237' title='bbox 1316 2769 1423 2834; x_wconf 82' lang='lat' dir='ltr'>medi·</span> 
     </span>
     <span class='ocr_line' id='line_1_28' title="bbox 327 2849 1424 2925; baseline 0.003 -7"><span class='ocrx_word' id='word_1_238' title='bbox 327 2857 455 2918; x_wconf 79' lang='lat' dir='ltr'>tutione</span> <span class='ocrx_word' id='word_1_239' title='bbox 485 2853 588 2925; x_wconf 84' lang='lat' dir='ltr'>serbi,</span> <span class='ocrx_word' id='word_1_240' title='bbox 620 2858 654 2914; x_wconf 90' lang='lat' dir='ltr'>et</span> <span class='ocrx_word' id='word_1_241' title='bbox 682 2853 833 2916; x_wconf 74' lang='lat' dir='ltr'>oratione</span> <span class='ocrx_word' id='word_1_242' title='bbox 861 2849 1074 2916; x_wconf 78' lang='lat' dir='ltr'>delectemur.</span> <span class='ocrx_word' id='word_1_243' title='bbox 1132 2853 1184 2918; x_wconf 83' lang='lat' dir='ltr'>Ex</span> <span class='ocrx_word' id='word_1_244' title='bbox 1216 2854 1267 2918; x_wconf 87' lang='lat' dir='ltr'>lris</span> <span class='ocrx_word' id='word_1_245' title='bbox 1295 2855 1424 2921; x_wconf 77' lang='lat' dir='ltr'>eliseus</span> 
     </span>
     <span class='ocr_line' id='line_1_29' title="bbox 326 2935 1422 3026; baseline 0.003 -23"><span class='ocrx_word' id='word_1_246' title='bbox 326 2943 510 3026; x_wconf 85' lang='lat' dir='ltr'>poterimus</span> <span class='ocrx_word' id='word_1_247' title='bbox 534 2955 714 3018; x_wconf 69' lang='lat' dir='ltr'>agnoscere</span> <span class='ocrx_word' id='word_1_248' title='bbox 743 2953 854 3000; x_wconf 77' lang='lat' dir='ltr'>rerem</span> <span class='ocrx_word' id='word_1_249' title='bbox 882 2935 1000 3012; x_wconf 72' lang='lat' dir='ltr'>fldem</span> <span class='ocrx_word' id='word_1_250' title='bbox 1032 2940 1146 3004; x_wconf 87' lang='lat' dir='ltr'>rerslm</span> <span class='ocrx_word' id='word_1_251' title='bbox 1176 2939 1422 3006; x_wconf 64' lang='lat' dir='ltr'>obeundum</span> 
     </span>
     <span class='ocr_line' id='line_1_30' title="bbox 328 3023 1424 3105; baseline 0.004 -16"><span class='ocrx_word' id='word_1_252' title='bbox 328 3036 425 3090; x_wconf 86' lang='lat' dir='ltr'>notus</span> <span class='ocrx_word' id='word_1_253' title='bbox 440 3025 518 3087; x_wconf 82' lang='lat' dir='ltr'>istus</span> <span class='ocrx_word' id='word_1_254' title='bbox 533 3041 600 3086; x_wconf 90' lang='lat' dir='ltr'>non</span> <span class='ocrx_word' id='word_1_255' title='bbox 622 3041 693 3086; x_wconf 88' lang='lat' dir='ltr'>esse</span> <span class='ocrx_word' id='word_1_256' title='bbox 713 3041 842 3105; x_wconf 88' lang='lat' dir='ltr'>semper</span> <span class='ocrx_word' id='word_1_257' title='bbox 862 3023 910 3085; x_wconf 81' lang='lat' dir='ltr'>itu</span> <span class='ocrx_word' id='word_1_258' title='bbox 924 3024 1102 3100; x_wconf 83' lang='lat' dir='ltr'>sensibiles,</span> <span class='ocrx_word' id='word_1_259' title='bbox 1124 3031 1162 3088; x_wconf 89' lang='lat' dir='ltr'>ut</span> <span class='ocrx_word' id='word_1_260' title='bbox 1183 3027 1316 3091; x_wconf 76' lang='lat' dir='ltr'>duobis</span> <span class='ocrx_word' id='word_1_261' title='bbox 1333 3028 1424 3092; x_wconf 72' lang='lat' dir='ltr'>olore</span> 
     </span>
     <span class='ocr_line' id='line_1_31' title="bbox 326 3103 1420 3196; baseline 0.001 -21"><span class='ocrx_word' id='word_1_262' title='bbox 326 3113 566 3196; x_wconf 76' lang='lat' dir='ltr'>percipiuntur,</span> <span class='ocrx_word' id='word_1_263' title='bbox 581 3125 644 3172; x_wconf 83' lang='lat' dir='ltr'>neo</span> <span class='ocrx_word' id='word_1_264' title='bbox 659 3107 733 3172; x_wconf 86' lang='lat' dir='ltr'>ided</span> <span class='ocrx_word' id='word_1_265' title='bbox 748 3111 858 3172; x_wconf 71' lang='lat' dir='ltr'>stetim</span> <span class='ocrx_word' id='word_1_266' title='bbox 875 3107 1115 3192; x_wconf 74' lang='lat' dir='ltr'>desperandum</span> <span class='ocrx_word' id='word_1_267' title='bbox 1133 3111 1241 3193; x_wconf 76' lang='lat' dir='ltr'>plone,</span> <span class='ocrx_word' id='word_1_268' title='bbox 1256 3116 1282 3175; x_wconf 91' lang='lat' dir='ltr'>si</span> <span class='ocrx_word' id='word_1_269' title='bbox 1300 3103 1420 3196; x_wconf 63' lang='lat' dir='ltr'>ineest</span> 
     </span>
     <span class='ocr_line' id='line_1_32' title="bbox 327 3189 1418 3277; baseline -0.001 -13"><span class='ocrx_word' id='word_1_270' title='bbox 327 3194 598 3264; x_wconf 70' lang='lat' dir='ltr'>nuotitostioois</span> <span class='ocrx_word' id='word_1_271' title='bbox 609 3189 766 3270; x_wconf 82' lang='lat' dir='ltr'>studium,</span> <span class='ocrx_word' id='word_1_272' title='bbox 777 3195 847 3257; x_wconf 89' lang='lat' dir='ltr'>etsi</span> <span class='ocrx_word' id='word_1_273' title='bbox 859 3193 1018 3277; x_wconf 74' lang='lat' dir='ltr'>goudium</span> <span class='ocrx_word' id='word_1_274' title='bbox 1034 3193 1200 3261; x_wconf 81' lang='lat' dir='ltr'>oontrsril</span> <span class='ocrx_word' id='word_1_275' title='bbox 1210 3195 1418 3264; x_wconf 82' lang='lat' dir='ltr'>dubitetions</span> 
     </span>
     <span class='ocr_line' id='line_1_33' title="bbox 326 3283 494 3348; baseline -0.012 0"><span class='ocrx_word' id='word_1_276' title='bbox 326 3283 494 3348; x_wconf 76' lang='lat' dir='ltr'>turbetur.</span> 
     </span>
    </p>

    <p class='ocr_par' dir='ltr' id='par_1_4' title="bbox 324 3367 1424 4050">
     <span class='ocr_line' id='line_1_34' title="bbox 370 3367 1422 3455; baseline 0.004 -23"><span class='ocrx_word' id='word_1_277' title='bbox 370 3369 530 3442; x_wconf 69' lang='lat' dir='ltr'>mendo,</span> <span class='ocrx_word' id='word_1_278' title='bbox 551 3367 782 3434; x_wconf 77' lang='lat' dir='ltr'>oerts&#39;lrsdinsm</span> <span class='ocrx_word' id='word_1_279' title='bbox 802 3367 890 3432; x_wconf 76' lang='lat' dir='ltr'>illem</span> <span class='ocrx_word' id='word_1_280' title='bbox 911 3388 977 3434; x_wconf 89' lang='lat' dir='ltr'>non</span> <span class='ocrx_word' id='word_1_281' title='bbox 997 3389 1068 3434; x_wconf 90' lang='lat' dir='ltr'>esse</span> <span class='ocrx_word' id='word_1_282' title='bbox 1089 3389 1218 3453; x_wconf 86' lang='lat' dir='ltr'>sempor</span> <span class='ocrx_word' id='word_1_283' title='bbox 1243 3371 1422 3455; x_wconf 70' lang='lat' dir='ltr'>equalem,</span> 
     </span>
     <span class='ocr_line' id='line_1_35' title="bbox 326 3452 1423 3536; baseline 0.004 -18"><span class='ocrx_word' id='word_1_284' title='bbox 326 3453 385 3518; x_wconf 86' lang='lat' dir='ltr'>ssd</span> <span class='ocrx_word' id='word_1_285' title='bbox 400 3452 574 3528; x_wconf 74' lang='lat' dir='ltr'>diversum,</span> <span class='ocrx_word' id='word_1_286' title='bbox 597 3460 697 3536; x_wconf 89' lang='lat' dir='ltr'>prout</span> <span class='ocrx_word' id='word_1_287' title='bbox 717 3452 798 3516; x_wconf 84' lang='lat' dir='ltr'>fides</span> <span class='ocrx_word' id='word_1_288' title='bbox 819 3453 917 3518; x_wconf 86' lang='lat' dir='ltr'>modd</span> <span class='ocrx_word' id='word_1_289' title='bbox 931 3461 981 3518; x_wconf 87' lang='lat' dir='ltr'>est</span> <span class='ocrx_word' id='word_1_290' title='bbox 999 3473 1088 3536; x_wconf 74' lang='lat' dir='ltr'>egro</span> <span class='ocrx_word' id='word_1_291' title='bbox 1105 3461 1140 3519; x_wconf 87' lang='lat' dir='ltr'>et</span> <span class='ocrx_word' id='word_1_292' title='bbox 1154 3457 1294 3532; x_wconf 81' lang='lat' dir='ltr'>iullrms,</span> <span class='ocrx_word' id='word_1_293' title='bbox 1317 3458 1423 3522; x_wconf 85' lang='lat' dir='ltr'>modd</span> 
     </span>
     <span class='ocr_line' id='line_1_36' title="bbox 326 3537 1424 3615; baseline 0.002 -11"><span class='ocrx_word' id='word_1_294' title='bbox 326 3557 409 3604; x_wconf 82' lang='lat' dir='ltr'>sons</span> <span class='ocrx_word' id='word_1_295' title='bbox 430 3545 464 3602; x_wconf 88' lang='lat' dir='ltr'>et</span> <span class='ocrx_word' id='word_1_296' title='bbox 490 3539 611 3613; x_wconf 75' lang='lat' dir='ltr'>viride,</span> <span class='ocrx_word' id='word_1_297' title='bbox 633 3537 733 3602; x_wconf 86' lang='lat' dir='ltr'>modd</span> <span class='ocrx_word' id='word_1_298' title='bbox 755 3540 789 3601; x_wconf 92' lang='lat' dir='ltr'>in</span> <span class='ocrx_word' id='word_1_299' title='bbox 811 3541 995 3604; x_wconf 76' lang='lat' dir='ltr'>renuuons</span> <span class='ocrx_word' id='word_1_300' title='bbox 1015 3547 1050 3603; x_wconf 86' lang='lat' dir='ltr'>et</span> <span class='ocrx_word' id='word_1_301' title='bbox 1075 3540 1177 3615; x_wconf 82' lang='lat' dir='ltr'>luoto.</span> <span class='ocrx_word' id='word_1_302' title='bbox 1200 3543 1300 3608; x_wconf 87' lang='lat' dir='ltr'>modd</span> <span class='ocrx_word' id='word_1_303' title='bbox 1321 3550 1424 3608; x_wconf 73' lang='lat' dir='ltr'>extre</span> 
     </span>
     <span class='ocr_line' id='line_1_37' title="bbox 325 3621 1423 3694; baseline 0.01 -11"><span class='ocrx_word' id='word_1_304' title='bbox 325 3643 411 3690; x_wconf 72' lang='lat' dir='ltr'>sen.</span> <span class='ocrx_word' id='word_1_305' title='bbox 444 3623 605 3692; x_wconf 77' lang='lat' dir='ltr'>Quemvis</span> <span class='ocrx_word' id='word_1_306' title='bbox 620 3625 707 3686; x_wconf 88' lang='lat' dir='ltr'>enim</span> <span class='ocrx_word' id='word_1_307' title='bbox 719 3621 789 3686; x_wconf 77' lang='lat' dir='ltr'>lisso</span> <span class='ocrx_word' id='word_1_308' title='bbox 803 3623 967 3688; x_wconf 82' lang='lat' dir='ltr'>certitudo</span> <span class='ocrx_word' id='word_1_309' title='bbox 977 3623 1019 3688; x_wconf 79' lang='lat' dir='ltr'>sd</span> <span class='ocrx_word' id='word_1_310' title='bbox 1035 3625 1140 3690; x_wconf 79' lang='lat' dir='ltr'>fidelis</span> <span class='ocrx_word' id='word_1_311' title='bbox 1154 3627 1423 3694; x_wconf 81' lang='lat' dir='ltr'>ooosolstionens</span> 
     </span>
     <span class='ocr_line' id='line_1_38' title="bbox 325 3707 1424 3797; baseline 0.004 -23"><span class='ocrx_word' id='word_1_312' title='bbox 325 3710 578 3784; x_wconf 72' lang='lat' dir='ltr'>nsomrissit,</span> <span class='ocrx_word' id='word_1_313' title='bbox 599 3717 794 3772; x_wconf 72' lang='lat' dir='ltr'>nontamen</span> <span class='ocrx_word' id='word_1_314' title='bbox 816 3707 861 3772; x_wconf 80' lang='lat' dir='ltr'>sd</span> <span class='ocrx_word' id='word_1_315' title='bbox 875 3709 951 3774; x_wconf 82' lang='lat' dir='ltr'>ddei</span> <span class='ocrx_word' id='word_1_316' title='bbox 974 3713 1145 3776; x_wconf 72' lang='lat' dir='ltr'>veritatem</span> <span class='ocrx_word' id='word_1_317' title='bbox 1169 3716 1360 3797; x_wconf 83' lang='lat' dir='ltr'>requiritur,</span> <span class='ocrx_word' id='word_1_318' title='bbox 1382 3721 1424 3778; x_wconf 87' lang='lat' dir='ltr'>ut</span> 
     </span>
     <span class='ocr_line' id='line_1_39' title="bbox 325 3793 1423 3878; baseline 0.004 -18"><span class='ocrx_word' id='word_1_319' title='bbox 325 3795 464 3878; x_wconf 61' lang='lat' dir='ltr'>iugulis</span> <span class='ocrx_word' id='word_1_320' title='bbox 479 3796 652 3858; x_wconf 82' lang='lat' dir='ltr'>momentis</span> <span class='ocrx_word' id='word_1_321' title='bbox 667 3795 768 3857; x_wconf 86' lang='lat' dir='ltr'>simus</span> <span class='ocrx_word' id='word_1_322' title='bbox 781 3793 900 3858; x_wconf 85' lang='lat' dir='ltr'>deiide</span> <span class='ocrx_word' id='word_1_323' title='bbox 914 3801 949 3859; x_wconf 89' lang='lat' dir='ltr'>et</span> <span class='ocrx_word' id='word_1_324' title='bbox 963 3797 1069 3860; x_wconf 85' lang='lat' dir='ltr'>sslute</span> <span class='ocrx_word' id='word_1_325' title='bbox 1083 3800 1183 3874; x_wconf 72' lang='lat' dir='ltr'>certi,</span> <span class='ocrx_word' id='word_1_326' title='bbox 1204 3799 1423 3864; x_wconf 78' lang='lat' dir='ltr'>moterlmtus</span> 
     </span>
     <span class='ocr_line' id='line_1_40' title="bbox 325 3877 1423 3961; baseline 0.005 -16"><span class='ocrx_word' id='word_1_327' title='bbox 325 3883 377 3946; x_wconf 88' lang='lat' dir='ltr'>sui</span> <span class='ocrx_word' id='word_1_328' title='bbox 393 3899 524 3945; x_wconf 84' lang='lat' dir='ltr'>sensum</span> <span class='ocrx_word' id='word_1_329' title='bbox 540 3897 606 3944; x_wconf 89' lang='lat' dir='ltr'>non</span> <span class='ocrx_word' id='word_1_330' title='bbox 622 3897 750 3961; x_wconf 85' lang='lat' dir='ltr'>semper</span> <span class='ocrx_word' id='word_1_331' title='bbox 766 3877 878 3958; x_wconf 81' lang='lat' dir='ltr'>hobel,</span> <span class='ocrx_word' id='word_1_332' title='bbox 893 3900 955 3948; x_wconf 84' lang='lat' dir='ltr'>neo</span> <span class='ocrx_word' id='word_1_333' title='bbox 971 3881 1077 3946; x_wconf 85' lang='lat' dir='ltr'>ddelis</span> <span class='ocrx_word' id='word_1_334' title='bbox 1090 3885 1190 3948; x_wconf 77' lang='lat' dir='ltr'>etism</span> <span class='ocrx_word' id='word_1_335' title='bbox 1206 3883 1423 3951; x_wconf 83' lang='lat' dir='ltr'>lmtnmnori</span> 
     </span>
     <span class='ocr_line' id='line_1_41' title="bbox 324 3965 778 4050; baseline -0.009 -18"><span class='ocrx_word' id='word_1_336' title='bbox 324 3965 469 4032; x_wconf 70' lang='lat' dir='ltr'>hominis</span> <span class='ocrx_word' id='word_1_337' title='bbox 483 3983 612 4050; x_wconf 86' lang='lat' dir='ltr'>semper</span> <span class='ocrx_word' id='word_1_338' title='bbox 628 3966 778 4050; x_wconf 76' lang='lat' dir='ltr'>percipit.</span> 
     </span>
    </p>

    <p class='ocr_par' dir='ltr' id='par_1_5' title="bbox 324 4049 1421 4394">
     <span class='ocr_line' id='line_1_42' title="bbox 376 4049 1421 4126; baseline 0.004 -8"><span class='ocrx_word' id='word_1_339' title='bbox 376 4051 499 4126; x_wconf 75' lang='lat' dir='ltr'>Tertii,</span> <span class='ocrx_word' id='word_1_340' title='bbox 520 4052 750 4116; x_wconf 77' lang='lat' dir='ltr'>certitudinem</span> <span class='ocrx_word' id='word_1_341' title='bbox 771 4049 861 4116; x_wconf 79' lang='lat' dir='ltr'>illurn</span> <span class='ocrx_word' id='word_1_342' title='bbox 884 4051 988 4117; x_wconf 81' lang='lat' dir='ltr'>fidelis</span> <span class='ocrx_word' id='word_1_343' title='bbox 1007 4073 1074 4118; x_wconf 88' lang='lat' dir='ltr'>non</span> <span class='ocrx_word' id='word_1_344' title='bbox 1097 4073 1169 4120; x_wconf 84' lang='lat' dir='ltr'>esse</span> <span class='ocrx_word' id='word_1_345' title='bbox 1182 4061 1313 4123; x_wconf 56' lang='lat' dir='ltr'>idm</span> <span class='ocrx_word' id='word_1_346' title='bbox 1337 4075 1421 4122; x_wconf 82' lang='lat' dir='ltr'>oum</span> 
     </span>
     <span class='ocr_line' id='line_1_43' title="bbox 326 4136 1421 4224; baseline 0.006 -24"><span class='ocrx_word' id='word_1_347' title='bbox 326 4139 468 4212; x_wconf 79' lang='lat' dir='ltr'>timore3</span> <span class='ocrx_word' id='word_1_348' title='bbox 501 4139 589 4202; x_wconf 89' lang='lat' dir='ltr'>unde</span> <span class='ocrx_word' id='word_1_349' title='bbox 610 4136 768 4220; x_wconf 84' lang='lat' dir='ltr'>jubemur</span> <span class='ocrx_word' id='word_1_350' title='bbox 790 4137 922 4202; x_wconf 86' lang='lat' dir='ltr'>Plril.ii.</span> <span class='ocrx_word' id='word_1_351' title='bbox 943 4139 990 4204; x_wconf 82' lang='lat'>12.</span> <span class='ocrx_word' id='word_1_352' title='bbox 1016 4141 1366 4224; x_wconf 67' lang='lat' dir='ltr'>sotumadopessn·</span> <span class='ocrx_word' id='word_1_353' title='bbox 1380 4145 1421 4207; x_wconf 87' lang='lat' dir='ltr'>s&#39;ss</span> 
     </span>
     <span class='ocr_line' id='line_1_44' title="bbox 325 4223 1421 4305; baseline 0.006 -19"><span class='ocrx_word' id='word_1_354' title='bbox 325 4224 445 4287; x_wconf 80' lang='lat' dir='ltr'>dissors</span> <span class='ocrx_word' id='word_1_355' title='bbox 454 4227 484 4285; x_wconf 81' lang='lat' dir='ltr'>st</span> <span class='ocrx_word' id='word_1_356' title='bbox 495 4227 642 4298; x_wconf 77' lang='lat' dir='ltr'>tremore,</span> <span class='ocrx_word' id='word_1_357' title='bbox 656 4223 713 4286; x_wconf 90' lang='lat' dir='ltr'>sed</span> <span class='ocrx_word' id='word_1_358' title='bbox 729 4223 996 4305; x_wconf 82' lang='lat' dir='ltr'>distinguendum</span> <span class='ocrx_word' id='word_1_359' title='bbox 1007 4245 1078 4290; x_wconf 84' lang='lat' dir='ltr'>esse</span> <span class='ocrx_word' id='word_1_360' title='bbox 1088 4229 1239 4290; x_wconf 84' lang='lat' dir='ltr'>timorem</span> <span class='ocrx_word' id='word_1_361' title='bbox 1251 4229 1421 4302; x_wconf 73' lang='lat' dir='ltr'>seruilem,</span> 
     </span>
     <span class='ocr_line' id='line_1_45' title="bbox 324 4305 1419 4394; baseline 0.01 -24"><span class='ocrx_word' id='word_1_362' title='bbox 324 4305 432 4390; x_wconf 78' lang='lat' dir='ltr'>quolis</span> <span class='ocrx_word' id='word_1_363' title='bbox 454 4313 507 4372; x_wconf 81' lang='lat' dir='ltr'>est</span> <span class='ocrx_word' id='word_1_364' title='bbox 529 4311 566 4373; x_wconf 82' lang='lat' dir='ltr'>io</span> <span class='ocrx_word' id='word_1_365' title='bbox 588 4309 704 4390; x_wconf 74' lang='lat' dir='ltr'>mnu,</span> <span class='ocrx_word' id='word_1_366' title='bbox 724 4310 781 4394; x_wconf 80' lang='lat' dir='ltr'>qni</span> <span class='ocrx_word' id='word_1_367' title='bbox 796 4325 928 4394; x_wconf 71' lang='lat' dir='ltr'>ponem</span> <span class='ocrx_word' id='word_1_368' title='bbox 943 4311 1041 4380; x_wconf 80' lang='lat' dir='ltr'>soloe</span> <span class='ocrx_word' id='word_1_369' title='bbox 1060 4313 1191 4392; x_wconf 82' lang='lat' dir='ltr'>tinient,</span> <span class='ocrx_word' id='word_1_370' title='bbox 1210 4317 1246 4378; x_wconf 85' lang='lat' dir='ltr'>et</span> <span class='ocrx_word' id='word_1_371' title='bbox 1258 4314 1419 4380; x_wconf 73' lang='lat' dir='ltr'>diorum</span> 
     </span>
    </p>
   </div>
   <div class='ocr_carea' id='block_1_3' title="bbox 0 0 1504 5001">
    <p class='ocr_par' dir='ltr' id='par_1_6' title="bbox 0 0 1504 5001">
     <span class='ocr_line' id='line_1_46' title="bbox 0 0 1504 5001; baseline 0 0"><span class='ocrx_word' id='word_1_372' title='bbox 0 0 1504 5001; x_wconf 95' lang='lat' dir='ltr'> </span> 
     </span>
    </p>
   </div>
  </div>
 </body>
</html>
