3032 4998
7 395 9 456 l
57 403 142 487 Cap·
164 399 227 489 ra]
402 397 408 410 '
452 419 499 472 ns
522 359 638 471 unsao
659 421 731 473 nnr.
1087 412 1127 476 ot

7 543 8 594 ¹
52 574 102 638 sed
117 577 160 638 iis
174 575 318 652 tantum,
339 577 477 659 qui-non
493 577 591 641 modo
610 579 670 642 sibi
693 596 815 662 sapere,
835 583 872 642 at
896 579 993 644 ctiam
1007 578 1129 642 'fideles

7 703 8 722 r
50 659 191 736 erudire3
215 666 250 721 et
264 663 526 726 contradicentes
542 663 689 727 refellere
696 663 835 740 ·volunt;
845 669 893 727 ⁴ut
904 667 937 726 in
948 685 981 727 re
994 669 1130 728 nautica

7 749 8 826 l
51 749 152 826 major
168 747 343 826 requiritur
359 749 475 828 peritia
489 752 522 811 in
538 768 588 824 eo,
604 751 660 832 qui
676 768 732 832 per
741 753 900 812 oceanum
911 749 954 814 ad
965 759 1130 814 extremos

7 829 8 902 1
53 831 151 892 ludos
162 835 308 911 navigat,
324 835 417 915 qudm
434 836 486 916 qui
503 833 666 897 mediocre
680 833 840 896 fluentum
856 835 933 896 exili
949 833 1049 898 limbo
1064 843 1131 898 tra·

7 907 8 978 l
49 915 127 996 jicit.
174 917 207 977 4.
230 915 446 1000 Antiquarum
478 921 663 981 versionum
693 919 837 982 collatio.
881 919 910 980 b.
942 917 1131 984 Verborum

52 1001 779 1172 {blitildis‘talilibus
806 1001 1131 1153 distulit

53 1172 193 1232 notatio.
238 1169 338 1233 Valet
353 1175 438 1234 enim
454 1175 487 1235 in
503 1173 679 1256 Scripturas
692 1175 912 1258 explicatione
919 1175 1135 1255 jurisconsul-

54 1260 163 1316 bornm
177 1257 359 1332 monitum;
381 1257 517 1321 incivile
526 1261 742 1342 essedetcgis
753 1259 862 1322 verbis
872 1259 1041 1342 aliquibus
1051 1259 1136 1323 vella

49 1341 217 1422 judicare,
236 1343 307 1414 uisi
331 1343 399 1405 rota
418 1344 522 1424 prius
544 1349 616 1430 tege
635 1345 795 1426 iuspecto.
840 1343 869 1405 8.
894 1343 1060 1408 Locorum
1076 1343 1135 1407 ob·

55 1428 238 1488 senmurum
254 1445 329 1488 cum
346 1427 549 1504 clarioribus,
571 1429 722 1492 similium
745 1447 820 1492 cum
846 1430 1016 1506 similibus,
1037 1435 1136 1512 atque

56 1513 155 1574 etiarn
170 1509 373 1574 dissimilium
395 1532 469 1576 cum
496 1513 704 1577 dissimilibus
727 1517 940 1597 comparatio.
986 1519 1015 1578 9.
1040 1513 1135 1577 Fidei

56 1595 220 1678 analogia,
241 1595 283 1659 ad
300 1615 408 1678 quam,
430 1609 586 1680 tauquam
601 1599 643 1662 ad
668 1601 823 1661 amussim
838 1599 1000 1682 exigenda
1014 1605 1064 1663 est
1079 1617 1136 1661 cn-

52 1681 188 1762 jnslibet
203 1681 267 1744 loci
282 1685 517 1764 interpretatio.
581 1685 626 1747 10.
650 1683 840 1746 Jndoeorum
855 1693 889 1747 et
903 1685 1041 1747 aliarum
1057 1703 1136 1766 gen·

58 1769 138 1830 tium
156 1767 279 1829 rituum
295 1770 420 1848 peritia.
469 1769 515 1831 ll.
541 1767 578 1831 In
590 1771 860 1851 interpretatione
871 1769 1047 1850 Scripturae
1057 1769 1136 1830 alle·

57 1855 156 1934 gorius
170 1851 294 1934 ubique
309 1871 374 1914 non
390 1861 466 1915 sunt
481 1854 653 1928 sectandae,
676 1853 732 1915 sed
754 1861 792 1916 ut
815 1871 996 1916 asseramus
1010 1849 1136 1940 aliquid

56 1939 127 2020 typi
143 1939 305 1999 rationem
323 1937 452 2014 babere,
475 1958 607 2002 necesse
622 1957 692 2001 esse
707 1943 796 2002 recte
810 1937 1041 2013 observatum
1066 1936 1137 2017 (l.)

60 2021 100 2088 Ut
120 2021 215 2084 Dens
238 2023 359 2085 diserte
386 2030 528 2100 moneat,
550 2045 584 2087 se
596 2023 721 2107 aliquid
746 2025 780 2084 in
804 2023 939 2086 alterius
954 2026 1029 2086 reit
1055 2039 1137 2106 purn

57 2107 235 2182 ordinasse,
256 2127 287 2170 v.
299 2128 330 2190 g.
347 2113 385 2170 ut
399 2109 441 2172 de
451 2113 600 2191 serpente
609 2127 709 2183 aeneo,
725 2105 967 2172 Melchisedsco.
1001 2041 1073 2188 (Ξ)
1089 2105 1137 2169 Ut

58 2191 208 2255 Deuade
221 2213 262 2254 eo
284 2211 393 2255 rernm
416 2213 535 2276 genere
550 2195 583 2257 id
600 2187 749 2268 testetur,
771 2196 831 2256 sub
846 2213 914 2276 quo
931 2213 992 2270 res,
1013 2192 1055 2256 de
1071 2207 1138 2278 qua

56 2281 175 2360 agitur,
196 2281 236 2340 ut
261 2280 385 2360 species
411 2281 639 2356 contineatur;
670 2281 718 2341 ita
739 2277 781 2342 de
800 2277 1087 2344 ritibus'Mosuicis
1101 2279 1138 2338 in

56 2381 185 2443 genam,
203 2380 265 2423 eos
291 2362 390 2426 luisse
415 2381 522 2428 rernm
546 2367 731 2428 futurarum
757 2369 856 2448 typos
881 2371 981 2449 atque
1004 2363 1139 2444 ligurus,

58 2453 198 2512 cunstat.
242 2447 312 2528 (8.)
334 2447 381 2511 Ut
390 2451 538 2530 perfecte
552 2451 828 2532 complementum
845 2467 911 2510 non
930 2449 1032 2528 possit
1047 2465 1140 2528 repe·

58 2535 106 2596 riri
121 2535 157 2596 in
172 2549 216 2594 ea
230 2549 278 2606 re,
300 2549 374 2614 quus
389 2536 529 2614 primum
545 2536 652 2598 notari
666 2531 850 2606 videbatur,
871 2536 951 2594 tunc
971 2533 1059 2592 enim
1074 2529 1140 2592 alio

59 2618 167 2681 oculos
183 2616 353 2698 conjicere
367 2621 525 2698 cogimur.
568 2619 620 2683 12.
644 2617 673 2680 Α
690 2635 786 2678 sensu
802 2615 919 2678 literali
935 2634 1001 2677 non
1018 2619 1140 2677 temere

61 2701 293 2776 medendum,
315 2702 376 2764 nisi
392 2701 425 2764 id
440 2705 599 2785 analogia
613 2703 687 2766 fidei
706 2705 875 2784 repugnet,
891 2705 924 2764 et
939 2719 1068 2764 sensum
1082 2698 1140 2760 ab·

56 2789 186 2854 surdum
200 2788 322 2872 pariat.
366 2785 432 2856 Qui
457 2791 553 2870 plura
577 2789 730 2863 voluerit,
751 2785 901 2851 consulat
923 2786 1088 2852 classium
1104 2787 1161 2855 et.

54 2873 146 2940 alica
592 2918 597 2926 ·

465 3227 620 3294 CAPUT
642 3228 737 3293 XIX.

296 3401 341 3457 Aa
357 3399 448 3457 nuilus
461 3397 605 3457 Librorum
619 3397 765 3458 Sacarum
778 3397 900 3474 perierit.

98 3559 125 3621 l.
149 3555 362 3630 Artemonis
378 3557 474 3620 linem
489 3559 695 3640 imponamus
710 3557 784 3620 loco
796 3555 962 3620 communi
977 3551 1019 3618 de
1034 3549 1140 3635 Scrip-

57 3641 142 3716 tnrd,
165 3643 245 3705 dura
261 3647 454 3726 questiones
469 3642 577 3706 adbuc
592 3641 813 3726 expendenda
823 3647 915 3704 sunt.

97 3727 239 3803 Prima,
258 3746 301 3792 sn
317 3729 427 3791 nullus
442 3728 598 3806 librorum
613 3745 778 3796 sacrorum
786 3727 946 3810 perierit,
969 3723 1144 3804 adquam,

56 3819 92 3876 nt
110 3812 386 3897 respondeamus,
407 3813 563 3876 dicimus:
591 3813 616 3875 1.
635 3812 706 3874 Etsi
718 3809 966 3885 concederetur,
984 3805 1144 3891 quosdam

54 3897 160 3964 libros
176 3915 291 3962 sacros
306 3902 448 3984 periisse,
462 3917 529 3961 non
545 3903 654 3961 umen
669 3895 767 3960 fidem
777 3896 830 3959 vel
844 3897 983 3966 salutem
998 3895 1144 3962 nostram

54 3985 256 4066 periclitari,
270 3987 346 4048 cum
358 3983 410 4048 vel
424 4003 467 4048 ex
481 3983 551 4046 solo
566 3981 786 4066 pentateucho
801 3981 878 4044 olim
898 3979 1045 4043 Ecclesia
1058 3973 1144 4037 salu·

54 4075 124 4134 tem
142 4057 244 4134 snam
258 4071 420 4134 conficere
436 4070 595 4153 potuerit;
615 4069 681 4131 imo
695 4073 832 4146 certum,
847 4064 937 4152 quod
952 4065 979 4126 si
994 4058 1145 4126 nonnulli

55 4175 96 4220 ex
110 4155 198 4231 illis,
218 4175 303 4239 quos
327 4155 496 4229 babemus,
516 4153 625 4217 adbuc
650 4153 831 4236 periissent,
852 4149 934 4214 nibil
953 4147 1029 4212 inde
1042 4145 1143 4209 detri-

52 4243 167 4307 menti
183 4244 328 4326 cqissct
339 4239 420 4308 aues
434 4246 558 4318 nostra,
579 4237 740 4322 siquidem
754 4233 895 4301 abunde.
907 4233 1089 4301 necessaris
1102 4227 1145 4292 ad
