2994 4996
38 429 106 513 vop.
126 423 178 514 8.]
267 436 270 444 ·
471 437 519 492 ns
541 435 661 493 aaran.
1049 429 1106 494 141

36 601 72 663 to.
94 599 318 662 conservasse
333 593 475 660 bominis
498 597 684 662 laonltates.
727 593 817 666 Quid
832 595 971 662 ulterius
986 603 1112 682 preut·
1213 595 1218 602 ’

34 689 104 758 terit,
127 701 198 746 non
226 681 469 764 inquirendum,
491 683 525 746 iu
550 683 639 746 hisce
662 681 759 746 rebus
786 685 877 761 trix-v
904 692 1047 766 prestat,
1069 705 1109 750 aa

36 789 111 833 ruam
124 769 224 832 tateri
237 770 468 849 ignorantiam,
484 771 580 850 quum
591 786 659 831 aon
671 769 779 831 sobrie
790 767 892 850 loqui.
925 769 990 833 Sed
1003 771 1112 836 obser·

37 875 136 917 ramus
150 852 299 928 mudum,
314 873 379 936 quo
392 855 484 918 Dens
496 859 646 917 versatus
657 859 708 918 est
719 855 960 917 sanctissimum
971 875 1051 932 esse,
1065 861 1114 921 ita

38 940 164 1002 utnulla
180 940 233 1001 ret
249 941 384 1002 minima
399 941 527 1022 peuaati
541 940 632 1002 labes
643 939 704 1022 ipsi
719 938 860 1002 adscribi
877 943 991 1022 possit.
1034 941 1110 1006 Noa

39 1045 101 1107 qua
112 1025 305 1107 prescivit,
321 1027 401 1107 quia
417 1027 619 1106 prescientia
634 1043 703 1088 non
718 1031 768 1088 est
784 1043 893 1088 rerum
908 1043 1026 1102 eausa3
1048 1045 1114 1090 non

39 1115 102 1194 quia
125 1109 288 1185 decreuit,
310 1111 387 1190 quia
411 1109 559 1174 decrerit
584 1109 714 1194 quidem
740 1113 942 1194 permittere,
964 1109 1022 1175 sed
1047 1131 1115 1175 non

40 1197 172 1272 effluam
195 1213 263 1257 non
285 1198 364 1277 qnia
379 1198 595 1259 tentationem
613 1195 770 1278 permisit,
793 1213 869 1256 nam
886 1213 947 1258 nee
963 1195 1114 1260 tentandi
1177 1207 1184 1224 '

41 1283 234 1342 voluntatem
250 1279 382 1342 diabolo
395 1283 576 1364 inspirarit,
587 1299 650 1344 neu
659 1279 875 1360 approbarim
893 1297 960 1340 non
973 1283 1051 1362 quia
1060 1281 1115 1346 io·

42 1369 143 1428 uiuam
157 1363 352 1430 mutabilem
372 1365 532 1436 coadidit,
554 1381 630 1426 nam
646 1367 707 1424 etsi
723 1359 916 1425 mutabilem
931 1362 1022 1441 teuit,
1044 1387 1112 1430 noa

44 1451 106 1512 teuit
120 1457 235 1512 tamen
253 1450 392 1522 malurn,
414 1464 481 1508 non
497 1448 575 1528 qnia
589 1467 709 1512 nouam
718 1447 869 1528 gratiam
884 1465 949 1510 aaa
964 1450 1112 1528 addidit,

42 1553 102 1598 nam
116 1536 245 1616 absque
256 1533 313 1598 illa
326 1533 434 1614 gratia
445 1535 576 1612 poterat
586 1529 773 1604 subsistere,
788 1527 874 1590 etad
883 1548 955 1594 eam
967 1533 1112 1599 danda·

44 1623 119 1682 nulla
133 1619 211 1702 lege
235 1617 411 1680 tenebatur
439 1613 548 1688 Deus;
569 1631 635 1674 nou
652 1613 729 1694 quia
744 1611 876 1676 arboris
899 1635 989 1680 raum
1003 1623 1112 1686 ualua-

42 1711 95 1775 rat.
115 1723 194 1768 nam
212 1709 340 1786 poterat
353 1699 508 1760 facillime
523 1697 565 1758 ub
581 1697 645 1758 boo
660 1717 717 1760 esu
733 1698 898 1762 abstinere
917 1701 1027 1766 borno.

76 1793 113 1854 Χ.
134 1789 168 1852 Si
198 1788 272 1870 quis
297 1785 434 1848 ulterius
461 1787 565 1864 petat,
586 1800 647 1844 aur
670 1781 764 1845 Deus
784 1785 904 1846 tentari
930 1789 1115 1868 permiserit

44 1875 205 1946 bominem,
226 1889 324 1954 quem
349 1868 525 1930 tentationi
549 1885 786 1930 uonarenurnm
807 1887 877 1932 esse
901 1873 1114 1953 presciebat3

44 1981 104 2024 rum
117 1959 309 2042 Augustino
325 1973 377 2016 rue
400 1951 609 2015 altitudinem
631 1951 702 2034 ejus
716 1953 843 2032 consilii
860 1962 1032 2036 penetrare
1045 1979 1113 2024 uon

44 2065 128 2129 posse,
149 2051 187 2108 et
212 2043 309 2122 longe
324 2057 425 2120 supra
441 2055 528 2100 meas
552 2039 721 2113 viresesse
744 2038 938 2106 uontitebur.
980 2041 1113 2110 Addam

43 2135 150 2194 tutum
167 2126 401 2212 gravissimum
417 2123 515 2188 tuisse
535 2128 710 2206 peceatum
726 2121 859 2201 Adami,
880 2125 945 2190 init
959 2130 1046 2194 enim
1062 2133 1112 2194 in·

19 2291 20 2296 ἵ
43 2219 177 2281 ordinata
196 2213 324 2276 tructus
345 2209 626 2293 eoncupiscentia,
647 2209 710 2273 luit
731 2209 900 2274 affectatio
917 2215 1114 2296 equalitatis

19 2355 20 2378 ,
43 2322 101 2366 oon
117 2303 206 2374 Deo,
228 2298 293 2360 rou
307 2296 518 2362 contumacia
531 2295 687 2360 adversae
702 2301 892 2380 supremam
909 2297 1112 2377 Dominum
1179 2308 1184 2314 ’

43 2389 91 2452 tuit
103 2403 270 2450 summum
286 2383 404 2464 ingrati
414 2383 514 2444 animi
530 2381 646 2444 vitium
659 2403 669 2459 ;
690 2383 799 2444 uxorii
813 2383 916 2446 animi
930 2404 998 2448 nun
1013 2386 1114 2470 digna

20 2533 21 2546 ,
44 2476 98 2536 riru
112 2471 281 2546 demissio,
304 2465 450 2534 Paradisi
466 2465 663 2550 protanatiu,
686 2463 788 2549 ipsius
809 2467 873 2530 Dei
890 2475 1114 2555 contemptus.

20 2559 21 2570 ’
74 2559 129 2624 Xl.
151 2557 312 2624 Gravitas
327 2553 456 2638 peouati
472 2557 564 2636 patet
588 2552 616 2616 1.
633 2551 688 2615 Ex
698 2550 962 2618 consideratione
975 2575 1116 2640 peuoan·

20 2645 21 2648 ’
45 2647 76 2706 tis
88 2663 256 2729 persuum
277 2659 350 2725 qure
365 2645 417 2704 tot
431 2636 597 2702 beneflciis
611 2637 632 2700 i
647 2636 722 2700 Deo
738 2643 894 2718 mactata,
915 2645 967 2704 tot
981 2641 1115 2708 dotibus

44 2731 202 2804 instructa,
218 2727 327 2792 nullus
342 2721 501 2810 pereundi
517 2721 666 2788 stimulus
681 2724 888 2808 edebatur,
920 2725 951 2790 2.
970 2727 1024 2792 Ex
1037 2747 1115 2794 eun·
1192 2763 1195 2778 ·

44 2813 229 2880 sideratione
253 2813 421 2896 temporis,
443 2829 507 2894 qno
531 2809 704 2894 peccavit3
735 2809 792 2874 rix
816 2813 942 2876 enimi
963 2813 1115 2880 maribus

46 2899 95 2963 liei
118 2918 270 2986 egressus
295 2903 378 2974 erat,
398 2903 459 2960 aut
482 2896 597 2960 sattern
622 2894 713 2960 baud
735 2895 836 2978 ionga
859 2905 977 2962 mora.'
1006 2903 1037 2965 3.
1060 2901 1114 2966 Ex

44 2987 295 3052 consideratione
317 2985 458 3068 macuti,
480 2981 571 3064 quud
585 2980 682 3045 tacite
695 2982 812 3045 evitari
827 2987 958 3065 poterat
972 2985 1005 3048 in
1021 2992 1116 3050 tanta

45 3087 135 3136 rernm
150 3073 262 3153 eopia
307 3069 412 3134 Reate
427 3067 514 3148 Aug.
531 3067 587 3130 lib.
599 3067 666 3130 xiv.
683 3065 869 3130 decivitate
881 3067 958 3144 Dei,
974 3087 1047 3152 rap.
1057 3090 1112 3134 xv.

47 3155 193 3241 Quisquis
207 3157 451 3220 damnationem
467 3152 563 3230 Adur,
583 3153 638 3216 val
658 3151 799 3215 uiruiaut
811 3153 865 3215 nal
878 3153 1039 3235 injustam
1050 3173 1114 3237 pu·

46 3245 95 3317 tol,
114 3245 228 3308 νηπίη·
246 3241 392 3324 profecto
408 3241 524 3316 mcii,
544 3239 672 3322 quauta
686 3237 799 3318 suerit
814 3238 979 3320 iniquitas
993 3240 1030 3302 iu
1039 3259 1115 3322 pec·

46 3331 145 3404 cudo,
167 3327 229 3392 ubi
241 3330 338 3392 tauta
362 3331 434 3392 arat
456 3345 520 3388 nou
531 3321 698 3408 peoeaudi
714 3321 902 3404 facilitaer
923 3325 1014 3388 uiuat
1037 3344 1114 3410 arga

45 3413 179 3478 Atrulroe
192 3432 257 3476 nou
272 3414 434 3476 immeriti
447 3429 574 3494 magara
588 3409 772 3473 umentia
782 3410 1005 3490 predicatur,
1023 3413 1113 3491 qaia,

44 3501 73 3560 ut
84 3493 378 3578 nedderetfiliuur,
394 3515 448 3560 ree
458 3495 658 3580 difficillima
673 3497 723 3558 sat
737 3495 913 3576 imparata.
960 3496 1018 3561 Ita
1032 3500 1063 3560 at
1077 3499 1114 3562 iu

45 3581 214 3660 Paradiao,
235 3587 330 3647 tauta
350 3585 457 3665 major
475 3580 692 3646 inobedientia
705 3579 795 3664 suit,
816 3587 938 3665 qttauta
958 3581 1006 3656 id,
1027 3581 1114 3664 qaod

42 3676 234 3820 {wem
246 3671 306 3746 est,
327 3669 455 3736 nullius
476 3667 688 3753 difficultatis
701 3666 790 3749 suit.
834 3667 948 3752 Atque
963 3667 1033 3732 brec
1048 3663 1113 3732 sut·

77 3772 127 3820 ran
144 3803 154 3820 .

435 3871 709 3918 εε--ε

451 3997 606 4064 CAPUT
628 3995 693 4060 111.

420 4133 494 4200 Quid
512 4135 549 4192 rit
569 4133 726 4192 l’acrutruu.⁴

74 4259 98 4322 1.
117 4261 182 4326 ,Da
203 4263 299 4348 lapsu
311 4263 496 4346 primorum
510 4271 679 4346 parentem
696 4257 850 4336 diximus,
866 4259 913 4326 aia
927 4256 1006 4328 data
1019 4263 1116 4344 parta

46 4357 209 4421 puratum
224 4352 259 4414 in
275 4347 438 4414 mundum
454 4349 590 4416 introiit.
634 4346 732 4416 Rom.
749 4365 781 4418 r,
801 4340 849 4411 12.
