3000 4998
60 483 148 564 Cap.
165 477 209 566 6.]
395 501 399 510 ·
501 493 547 544 ns
565 495 713 544 aalma
1084 487 1147 554 ιω

58 653 177 714 salvari
194 648 258 714 ulo
268 647 342 725 ’ἰῆς
363 653 414 712 est
429 651 529 732 igitur
543 649 722 714 absurdum
737 648 858 726 dicere,
881 652 1022 718 electum
1037 675 1145 720 serra·

60 749 128 800 tum
152 739 193 800 iri
209 738 287 800 licet
301 737 572 818 impoenitentem,
588 737 667 818 qnia
689 755 757 799 non
774 735 872 802 modo
893 738 1016 804 electo·
1038 753 1088 806 ast
1101 741 1146 810 ad

60 823 212 898 salutem,
224 819 282 885 sed
296 819 340 884 ad
355 825 574 884 sanctitatem.

100 908 205 976 Quod
229 907 445 972 confirmatur
480 908 542 970 hac
568 910 671 972 tariiu
701 907 954 984 observatione,
979 909 1144 978 hominem

62 1012 126 1056 non
150 993 346 1056 salvandum
370 1011 439 1056 ease
454 993 529 1076 quia
549 993 675 1056 electus
690 999 752 1068 est,
777 992 835 1056 sed
858 995 936 1076 quia
952 996 1092 1060 credidit
1112 1001 1146 1060 in

64 1080 244 1153 Christum,
268 1085 302 1141 et
318 1079 419 1140 vitam
435 1097 528 1140 suam
555 1099 615 1162 pru
636 1079 827 1142 infirmitate
842 1097 913 1154 sua,
928 1087 1042 1144 sancte
1058 1085 1148 1146 iustiv

63 1175 155 1228 tuere
181 1172 323 1228 conatus
338 1171 399 1239 eat,
423 1183 465 1226 ac
480 1170 641 1246 quantum
656 1168 766 1248 potuit
787 1164 915 1228 luderis
937 1165 1146 1232 conditiones

12 1257 14 1260 '
63 1252 221 1332 implevit.

101 1337 250 1400 Tantum
265 1337 357 1398 abeat
374 1338 410 1396 ut
426 1333 495 1396 haic
512 1335 676 1399 Doctrina
687 1337 728 1399 ad
745 1342 919 1420 peccatum
933 1337 1147 1419 impellat,'ut

64 1429 212 1485 econtra
238 1421 330 1482 varia
352 1421 445 1482 uobis
471 1420 514 1484 ad
529 1421 673 1485 studium
698 1423 857 1486 bonorum
880 1441 1016 1504 operum
1034 1425 1146 1488 incen-

62 1511 128 1569 lira
142 1505 344 1590 suppeditet.
389 1503 469 1568 Huc
485 1505 638 1570 doctrina
651 1527 794 1570 amorem
812 1508 876 1572 Dei
895 1511 1076 1572 necessario
1091 1529 1146 1575 ac·

64 1593 181 1666 cendit,
196 1591 240 1654 ad
265 1593 474 1654 sanctitatem
500 1593 629 1668 incitat,
655 1594 793 1657 humiles
818 1593 937 1666 reddit,
957 1592 1082 1656 firmam
1109 1598 1143 1656 in

64 1678 134 1740 Deo
149 1677 306 1742 fiduciam
332 1679 512 1758 ingenerat,
539 1685 574 1740 et
596 1678 850 1743 sollicitudinem
866 1679 1046 1742 studiosam
1070 1697 1144 1760 pro·

64 1762 162 1838 ducit,
191 1770 228 1824 nt
253 1761 403 1845 pluribus
428 1764 665 1839 evinceremus,
686 1767 713 1827 oi
728 1765 826 1844 hujus
847 1767 961 1848 scripti
984 1768 1144 1847 angustie

65 1857 260 1930 paterentur.

469 2037 747 2082 -ss‘ffi‘

477 2201 634 2270 CAPUT
656 2205 717 2269 Vl.

281 2377 330 2436 De
342 2375 484 2432 Electioue
496 2381 524 2431 et
538 2373 738 2451 Reproiotiouo
751 2376 930 2450 Angelorum.

64 2563 71 2572 ·
104 2537 380 2601 l'Euaculortau
396 2541 431 2598 et
446 2531 727 2616 Reprobationem
739 2535 946 2614 angelorum,
961 2536 1022 2598 etsi
1037 2536 1145 2618 Scrip-

64 2631 136 2687 tura
151 2627 290 2698 taceret,
299 2623 384 2684 ratio
405 2622 478 2702 ipsa
491 2617 626 2680 doceret
640 2621 719 2680 satis
733 2637 906 2704 superque.
953 2619 1037 2682 Cum
1058 2625 1145 2684 eninr

65 2711 144 2772 nihii
160 2709 303 2783 eveniat,
315 2726 377 2770 nec
393 2709 590 2768 eventurum
606 2705 648 2766 sit
664 2705 697 2766 in
713 2709 874 2788 tempore,
895 2705 982 2789 quod
998 2707 1040 2770 ab
1055 2712 1147 2770 rater-

66 2813 102 2856 no
117 2797 140 2858 a
155 2793 232 2858 Deo
247 2811 314 2855 non
330 2795 372 2855 sit
387 2791 629 2874 praestitutum
650 2809 783 2854 necesse
804 2797 854 2854 est
873 2791 1146 2868 glorificationem

67 2881 224 2942 bonorum
241 2877 445 2965 angelorum,
468 2881 502 2938 et
518 2877 678 2938 malorum
694 2895 836 2958 peanum,
863 2897 933 2962 qua
948 2881 981 2942 in
998 2885 1147 2961 tempore

65 2965 172 3048 cu'pit,
188 2983 231 3026 ex
242 2964 355 3045 aliquo
368 2963 432 3024 Dei
449 2961 583 3024 decreto
594 2967 628 3022 et
639 2963 777 3024 consilio
791 2972 914 3026 aterno
927 2969 1130 3045 processisse.
1145 2988 1149 3038 g

103 3052 147 3114 ll.
174 3049 381 3112 Electionem
398 3047 591 3128 angelorum
604 3063 669 3106 non
686 3065 838 3127 expresse
853 3047 951 3110 docet
967 3049 1152 3130 Scriptura,

66 3139 120 3199 nisi
138 3141 179 3199 eo
199 3135 322 3198 relerre
346 3133 484 3195 velimus
508 3131 629 3194 locum.
677 3131 688 3190 l
708 3131 794 3193 Tim.
817 3149 849 3193 v.
872 3133 924 3195 21.
942 3133 997 3196 ubi
1013 3133 1146 3214 angelo·

65 3221 132 3284 rum
145 3223 323 3285 electorum
339 3223 463 3282 mentio
478 3215 526 3293 fit,
548 3221 694 3277 nontam
708 3215 751 3276 ob
773 3235 887 3278 eorum
901 3225 1054 3280 naturam
1076 3219 1144 3282 exi·

65 3311 171 3383 niam,
183 3310 283 3390 quim
296 3307 407 3389 quini
425 3305 510 3378 Deo,
525 3307 544 3364 ὲ
559 3301 758 3385 reliquorum
774 3320 912 3364 numero
927 3302 1040 3366 selecti
1056 3311 1144 3368 sun-t.

65 3392 120 3455 Sed
135 3393 327 3474 reprobatio
336 3391 495 3454 malorum
507 3387 700 3469 angelorum
712 3388 895 3452 exiislocis
906 3387 1145 3468 colligitur,ubi

64 3477 198 3560 legimus
213 3479 323 3560 iguem
344 3482 500 3539 oeternum
517 3474 580 3536 illis
595 3483 826 3556 preparatum,
852 3473 973 3536 Malth.
996 3493 1074 3536 xxv.
1089 3475 1144 3535 tl.

67 3563 236 3628 Necenim
258 3563 410 3625 dubitare
426 3562 475 3622 las
488 3567 550 3636 est,
565 3579 622 3623 eos
638 3561 730 3641 justo
746 3561 810 3622 Dei
823 3559 950 3642 judicio
965 3559 1007 3622 ab
1022 3566 1145 3622 aterno

65 3671 131 3714 essa
147 3648 351 3734 reprobatos,
367 3647 527 3730 quibusin
544 3663 672 3728 prunam
689 3649 829 3726 peccati,
846 3646 976 3708 Tartari
992 3645 1147 3728 supplici·

65 3753 116 3798 um
135 3734 281 3817 infligere
296 3733 454 3807 decrevit,
470 3737 544 3796 crim
565 3731 751 3812 reprobatio
766 3731 847 3794 nihil
862 3731 954 3794 aliud
969 3733 1023 3806 sit,
1046 3733 1146 3812 quim

65 3819 212 3897 liberum,
232 3821 374 3902 justum,
395 3827 621 3898 aeternumque
649 3817 713 3878 Dei
739 3816 910 3880 decretum
932 3817 973 3878 de
994 3825 1146 3880 creatura

64 3904 152 3989 lapsa
168 3908 201 3968 in
218 3905 313 3988 lapsu
338 3923 399 3968 suo
415 3900 645 3986 relinquenda,
659 3901 844 3965 abdicanda
864 3906 898 3964 in
923 3909 1092 3977 eternum,
1113 3905 1147 3964 et

65 4009 120 4072 pro
135 3994 255 4056 merito
270 3990 456 4074 plectenda.
763 4013 766 4020 ·
1143 4034 1146 4044 .

102 4079 168 4141 111.
191 4077 300 4161 Super
315 4077 378 4139 hoc
390 4076 585 4156 argumento
604 4077 963 4155 prestat-tacerequam
980 4074 1082 4154 loqui,
1104 4091 1144 4137 na

63 4179 257 4227 accusemur
272 4157 447 4245 tpeommoi
481 4157 660 4238 iluqolmpo,
682 4159 838 4222 inuadere
859 4161 896 4220 in
916 4175 956 4220 cu
980 4177 1055 4240 qum
1080 4179 1144 4222 uon

63 4249 222 4312 uidimus.
268 4249 415 4324 interim,
427 4255 465 4310 ut
480 4243 640 4322 dicamus,
655 4243 735 4326 quid
753 4243 847 4308 nobis
863 4246 965 4328 magis
977 4245 1147 4328 probabile

63 4333 203 4398 Videtur·
682 4373 687 4390 ι
720 4366 724 4380 ·
747 4369 750 4392 ῐ
773 4365 779 4394 ’.
912 4382 915 4390 .
