3014 5000
56 507 144 598 unp.
156 508 201 600 6.]
509 527 558 580 ns
578 525 701 578 nursn.
1079 513 1144 588 '151

51 684 172 761 libem,
194 689 231 750 et
253 701 289 749 se
303 681 347 748 ab
373 687 469 749 utero
490 691 692 769 corruptum
716 682 819 748 inisse
841 699 954 748 eoram
981 682 1057 750 Deo
1082 705 1144 752 suu

50 769 251 844 eonfitetnrr
268 771 338 853 jam
354 771 457 854 quiin
473 771 649 854 iniquitate
671 788 706 832 se
721 779 921 853 conceptum
946 789 1027 847 esse,
1048 775 1083 836 et
1107 775 1143 838 in

49 861 190 938 peecato
206 857 311 920 lotum
327 855 381 918 rei
395 855 593 920 ealeiaotum
605 857 740 930 latetur,
763 859 915 940 agnoseit
938 875 973 920 se
988 864 1143 938 peccato·

50 960 115 1006 rem
143 944 249 1018 nasei,
270 949 369 1024 atque
390 940 435 1004 ab
454 947 550 1006 utero
571 949 746 1024 peoomum
767 931 929 1017 attulisse,
950 949 1048 1024 atque
1076 944 1140 1010 troo

47 1035 92 1089 est
108 1033 286 1110 peecatum
301 1025 470 1110 originale.
513 1025 607 1090 Istud
627 1033 860 1108 argumentum
881 1026 1022 1090 validius
1045 1028 1141 1094 nobis

9 1195 10 1198 Ἴ
46 1111 226 1188 ridebitur,
240 1115 267 1176 si
282 1111 531 1176 attenderimus.
569 1113 596 1175 l.
621 1111 785 1175 Davidem
801 1111 871 1176 huo
885 1111 1007 1187 dicere,
1022 1133 1142 1196 pecea-

46 1203 112 1260 tum
122 1217 223 1260 snum
237 1197 439 1275 ounlitendo,
451 1199 571 1280 nequis
584 1197 674 1262 dieat
684 1200 738 1278 agi
751 1196 806 1261 hle
814 1197 857 1260 de
867 1205 1008 1280 peooato
1016 1198 1137 1278 alieno,

47 1291 81 1346 ut
89 1285 196 1366 patris
206 1289 241 1347 et
249 1285 373 1347 matris.
417 1283 449 1346 2.
467 1281 614 1346 Verbum
630 1275 726 1350 satta
739 1287 916 1366 conceptue
926 1301 1012 1360 uuor,
1023 1283 1136 1350 reterri

46 1387 108 1432 non
125 1387 225 1452 posse
235 1369 277 1432 ad
293 1370 458 1434 notionem
473 1366 631 1451 gignendi
646 1374 832 1451 parentum,
853 1369 910 1432 sed
922 1367 966 1432 ad
987 1376 1134 1452 eorporis

45 1456 144 1535 geniti
161 1455 413 1530 formationem
435 1455 595 1537 imprimis
609 1456 636 1518 si
648 1455 811 1536 jungatur
823 1473 901 1518 eum
917 1473 1000 1518 vone
1017 1467 1133 1535 unnrt’,

47 1541 199 1615 uoleseoit
210 1559 271 1618 rna,
293 1547 327 1603 et
342 1540 436 1616 lorit,
459 1537 550 1621 quod
565 1537 687 1602 dicitnr
701 1539 744 1602 de
759 1540 839 1604 lmtu
850 1541 920 1624 jam
934 1539 1087 1606 tormato.

83 1626 149 1690 111.
171 1625 595 1708 Secundumargumeutum
606 1623 783 1690 deducitur
794 1644 836 1689 ex
847 1625 925 1689 Joh.
937 1627 982 1690 iii.
994 1627 1025 1688 6.
1041 1627 1136 1700 Quod

42 1715 157 1776 rmum
169 1715 220 1775 ast
232 1730 275 1774 aa
298 1729 409 1791 eume,
430 1729 511 1774 euro
522 1717 582 1784 eut,
603 1709 693 1774 unde
710 1712 758 1774 sie
776 1717 1069 1792 argumentamur3
1091 1716 1130 1788 si,

44 1794 197 1880 quiequid
211 1815 254 1860 ex
269 1798 536 1873 earuenaseitur,
557 1813 636 1860 earo
647 1801 709 1872 est,
729 1813 829 1858 nemo
840 1798 903 1858 erit
917 1797 1072 1858 immunis
1087 1798 1132 1860 ab

44 1882 155 1946 innata
179 1883 369 1948 vitiositate.
418 1880 467 1944 At
488 1899 604 1945 verum
634 1882 736 1965 prius,
757 1882 820 1943 dre.
874 1879 988 1964 Major
1015 1881 1134 1962 pro'oa·

43 1971 93 2030 tur
112 1985 157 2030 ex
176 1985 274 2032 sensu
293 1967 387 2032 eoois
398 1968 530 2042 comis,
555 1985 631 2048 qna
646 1963 701 2029 trio
726 1967 867 2028 sumitur
882 1973 1134 2048 pronostrana-

43 2057 111 2116 tura
124 2055 316 2136 irregenita.
337 2071 407 2135 quo
421 2070 519 2116 sensu
534 2053 676 2114 sumitur
692 2049 792 2114 Rom.
807 2051 876 2114 viii.
891 2051 923 2114 6.
946 2051 1022 2115 Gal.
1036 2071 1067 2116 v.
1084 2053 1132 2116 19.

43 2135 161 2221 Agitur
183 2141 273 2202 enim
289 2137 332 2202 de
354 2137 536 2213 nomilia,
558 2153 627 2220 quie
643 2137 892 2220 regeneratione
909 2155 993 2220 opus
1018 2137 1132 2214 habet,

41 2231 154 2308 etque
168 2224 189 2288 d
204 2242 306 2308 regno
320 2221 478 2288 emiorum
493 2221 653 2286 excludit.
698 2221 821 2298 Minor,
842 2221 968 2286 scilieet
983 2222 1073 2306 quod
1087 2243 1131 2288 ex

7 2325 9 2364 l
42 2327 133 2376 earne
146 2312 306 2387 emitur,
327 2326 406 2374 earo
420 2313 482 2385 est,
503 2325 546 2371 ex
560 2309 638 2391 ipsis
652 2307 760 2372 verbis
777 2305 901 2372 Christi
916 2307 1088 2391 probatur.

77 2395 140 2460 IV.
169 2393 318 2460 Tertium
331 2397 563 2477 argumentum
579 2393 709 2458 elicitur
724 2411 767 2458 ex
782 2398 889 2457 morte
903 2394 1059 2458 omnibus
1068 2396 1130 2460 im·

6 2553 8 2572 ἱ
42 2485 162 2564 positu
182 2481 313 2546 sienim
325 2497 413 2544 mors
428 2483 545 2562 regnet
554 2480 589 2542 iu
604 2495 719 2542 omues
729 2478 829 2542 etiam
840 2477 995 2554 infantes,
1011 2497 1130 2560 penua-

6 2577 7 2630 ζ
40 2575 105 2631 tum
120 2564 224 2632 debet
238 2567 277 2629 iis
292 2565 477 2630 necessario
492 2565 620 2640 inesse3
640 2568 677 2626 ut
692 2581 780 2626 mors
790 2567 912 2646 regnat
925 2565 961 2626 in
975 2565 1064 2646 ipsos
1078 2565 1129 2628 in·

6 2647 7 2686 ³
39 2649 154 2718 nutes.
177 2647 750 2735 Majordemonstraturexeo,quod
759 2667 847 2712 mors
858 2653 908 2712 est
918 2649 1129 2730 percutieti-

36 2739 193 2818 panim
208 2735 418 2802 Rom.vi.28.
450 2733 526 2809 Qun
533 2735 688 2820 justitia,
699 2733 810 2798 aiebat
823 2732 1031 2818 Fulgentius,
1042 2753 1128 2819 por-
1230 2758 1238 2775 ι·

40 2825 133 2888 uulua
143 2823 325 2906 suljioitur
334 2821 468 2906 pronati
482 2819 660 2904 stipendio,
675 2821 709 2884 ui
721 2821 819 2886 nudo
832 2823 883 2886 sat
893 2825 931 2886 tn
944 2841 981 2885 eo
991 2822 1127 2904 pcccati

35 2910 183 2990 nouum.
218 2907 297 2972 Non
308 2904 515 2972 diffitendum
525 2905 840 2988 equidem‚inlante
849 2907 960 2972 vocari
970 2909 1126 2972 innocen·

37 2993 374 3078 taramisSeriptura
382 2989 616 3066 loeis,sednon
627 2991 702 3056 ideo
710 2994 758 3054 ita
766 2997 941 3068 vooantur,
949 2993 1025 3074 quia
1033 2994 1124 3056 omni

38 3087 173 3160 peooato
197 3079 441 3154 destituantur3
463 3081 499 3138 at
520 3081 711 3159 comparate
735 3073 779 3138 ad
804 3075 947 3148 adultos,
968 3077 1024 3158 qui
1043 3081 1125 3139 aeta

39 3173 187 3246 peceant,
208 3165 391 3249 etquidem
403 3161 604 3245 gravissime.
649 3157 872 3223 ltadicuntur
884 3161 998 3224 annoti
1014 3161 1027 3223 l
1045 3159 1124 3224 Cor.

38 3252 87 3314 vii.
106 3255 158 3318 lt.
202 3251 282 3316 Non
297 3251 390 3334 quasi
404 3248 447 3312 ab
462 3248 553 3309 omni
568 3246 781 3329 corruptione
791 3246 857 3308 sint
871 3245 1045 3320 immunes,
1066 3243 1124 3310 ssd

37 3339 107 3420 quia
121 3341 156 3404 in
172 3335 325 3404 Eeolesia
345 3339 539 3410 naseuntur,
560 3337 657 3397 extra
679 3347 791 3416 qoam,
812 3331 869 3414 qui
895 3330 1023 3409 vivunt,
1041 3335 1140 3396 vanni·

36 3423 159 3506 molani
172 3429 209 3488 et
223 3421 395 3486 immundi.

77 3507 116 3572 V.
141 3507 305 3582 Quartum
319 3509 551 3590 argumentum
564 3505 688 3588 petitur
698 3523 741 3568 ex
754 3523 807 3580 eo,
828 3499 917 3586 quod
929 3502 956 3564 si
967 3499 1122 3578 infantes,

36 3611 97 3657 non
107 3599 322 3657 ducerentur
332 3598 471 3676 peecato
480 3589 631 3671 originali
643 3589 769 3665 inlecti,
785 3607 852 3652 non
868 3606 953 3672 opus
964 3585 1125 3650 haberent

6 3695 7 3702 ¹
36 3679 234 3744 Redemtore
245 3683 304 3743 aut
318 3677 489 3740 salvatore
505 3673 660 3740 Christo:
682 3675 739 3738 nbi
754 3675 842 3738 enim
858 3693 925 3738 non
941 3678 991 3738 est
1005 3689 1123 3758 pecnn-

37 3775 115 3842 tum,
137 3763 364 3848 redemptione
375 3781 446 3826 nou
462 3779 545 3844 opus
559 3769 620 3826 est.

75 3850 136 3914 VI.
162 3847 323 3924 Qrcintum
337 3854 567 3930 argumentum
589 3849 609 3910 d
624 3847 837 3929 corruptione
852 3845 1000 3908 omnium
1017 3841 1123 3906 homi·

38 3953 112 4000 unm
132 3935 309 4001 universali
323 3935 477 4000 ducitur:
495 3949 589 4008 uam,
618 3933 682 3995 istu
701 3933 878 4014 ourrnptio
899 3929 998 3992 docet
1019 3931 1123 4010 ipsam

37 4029 196 4101 naturam,
217 4040 317 4106 quam
334 4024 353 4084 d
369 4023 474 4104 primo
490 4022 627 4103 parente
650 4016 826 4091 trahimus,
848 4017 968 4098 inipso
983 4021 1059 4077 ortu
1071 4011 1121 4075 la·

37 4105 161 4183 horare,
181 4107 328 4190 alioquin
343 4109 378 4170 in
394 4101 487 4169 tanti
502 4103 692 4168 mortalium
707 4100 817 4174 turbt,
839 4099 892 4164 rel
907 4118 992 4162 nnus
1006 4099 1122 4163 inren·

36 4196 82 4254 tus
97 4193 195 4269 toret,
216 4211 315 4278 quam
333 4196 526 4256 nascentem
549 4188 734 4272 benigniori
756 4187 830 4250 sinu
845 4189 964 4250 natura
978 4183 1123 4274 accepia·

34 4283 88 4350 ret,
111 4281 237 4362 quique
256 4285 392 4342 sanetus
407 4281 503 4340 esset.
1136 4288 1139 4297 ’

77 4361 163 4428 Vll.
187 4365 362 4430 deutuml
388 4361 649 4426 Ciruumeisloue
673 4357 765 4438 olim,
786 4363 821 4424 et
847 4355 1128 4442 Baptismonano
