3000 5006
380 515 442 580 306
702 523 904 574 ruuouoors
927 521 1148 574 cuursrrsuu.
1321 502 1409 592 [Lib.
1422 508 1460 571 X.

380 685 480 758 deris,
503 683 572 746 siue
587 679 653 765 qud
669 679 763 746 Dens
784 701 851 745 non
874 683 945 746 ruit
966 681 1060 744 nobis
1083 679 1249 743 remittere
1276 687 1418 761 penests
1435 685 1463 740 et

381 788 458 834 oum
486 765 552 852 qut
568 771 718 850 promisit
738 789 774 832 se
795 767 1061 832 condoneturum
1083 772 1230 849 peoouts.
1277 765 1357 827 Non
1381 765 1465 828 dissi·

381 855 574 919 molendum
599 857 687 918 euim
713 855 826 918 multis
845 853 1019 936 displicere
1045 871 1105 914 nos
1125 850 1190 915 dici
1218 849 1395 933 justibosri
1415 869 1465 933 per

381 939 491 1015 tidem,
514 945 549 1003 ut
564 940 788 1004 conditionem
805 939 954 1018 imderts3
969 939 1147 1002 observent
1158 939 1281 1019 quippe
1291 939 1353 1000 siri
1368 935 1466 1011 dooti,

382 1017 607 1090 conditionem
630 1026 892 1110 justifiunts'onis
922 1025 1060 1097 nullum,
1090 1027 1117 1086 si
1147 1027 1303 1086 soourste
1332 1022 1466 1086 velimus

382 1113 487 1194 loqui,
508 1115 666 1194 ussignurl
693 1114 814 1176 uetere
832 1114 894 1174 nisi
917 1111 1098 1194 perlectum
1121 1108 1365 1184 obedientium
1390 1109 1465 1170 bunc

382 1199 491 1280 legem
514 1200 667 1280 exigere3
688 1216 798 1281 neque
822 1198 922 1261 ulium
952 1196 1150 1260 substituere
1169 1195 1395 1276 evengeliunr,
1416 1192 1464 1256 red

384 1283 504 1347 dooere
520 1285 583 1366 legi
599 1284 804 1348 sutisiuotum
820 1302 890 1346 esse
906 1301 964 1366 per
975 1300 1166 1365 sponsorem
1179 1279 1361 1344 Christum.
1409 1277 1464 1341 Ve-

384 1371 458 1432 rrlm
484 1369 559 1432 ideo
586 1370 742 1432 tribuitur
767 1369 962 1452 justilioetio
975 1367 1073 1449 fidei.
1103 1368 1173 1448 (l.)
1194 1365 1283 1434 Quin
1301 1383 1359 1448 per
1383 1365 1465 1428 illsur

380 1453 588 1518 sdbaeremus
615 1453 761 1530 Christo,
787 1457 883 1536 nujus
898 1454 969 1516 solu
989 1455 1121 1536 justitio
1146 1458 1197 1515 est
1221 1449 1467 1514 fundumentum

383 1547 503 1603 noslrae
521 1539 775 1622 justibostionis.
819 1541 890 1622 (2.)
911 1541 1000 1608 Quis
1024 1557 1082 1622 per
1106 1537 1196 1600 illurn
1212 1537 1307 1600 nobis
1331 1537 1469 1620 spplies·

384 1643 458 1688 mus
473 1626 732 1775 fjntdugmm’
754 1631 789 1689 et
804 1626 968 1710 perillum
984 1625 1088 1688 solum
1114 1621 1351 1708 persuademur
1366 1621 1410 1686 de
1424 1623 1469 1684 be

387 1731 473 1776 nevo
488 1731 554 1774 eur
627 1731 667 1774 er.

428 1795 473 1860 X.
497 1796 575 1859 Non
591 1797 650 1860 sbs
665 1815 700 1860 re
713 1803 825 1860 sutem
841 1795 917 1859 fidei
929 1797 993 1860 boc
1005 1815 1070 1880 prro
1081 1797 1207 1859 coeteris
1217 1795 1385 1872 tribuitur,
1399 1793 1469 1876 quis

386 1881 459 1945 solu
483 1901 526 1947 ex
548 1884 701 1946 omnibus
728 1883 906 1944 virtutibus
934 1889 1043 1964 potest
1062 1884 1239 1944 subsistere
1260 1899 1337 1944 oum
1358 1877 1465 1962 gnus,

385 1973 506 2049 utpote
518 1971 655 2050 qumsits
669 1975 719 2030 est
734 1970 767 2030 in
785 1985 875 2030 meru
892 1972 1080 2051 receptione
1094 1975 1129 2028 et
1143 1966 1403 2050 apprehensione
1417 1965 1468 2026 ob·

381 2053 464 2134 jeoti
480 2059 575 2116 extre
588 2072 624 2116 se
638 2054 748 2136 positi,
770 2056 908 2136 etquis,
931 2061 969 2116 ut
984 2055 1032 2116 sit
1052 2051 1186 2118 Tolstrss
1207 2049 1415 2132 Pontificius,
1436 2052 1467 2112 iu

382 2137 451 2200 ude
466 2139 570 2219 magis
585 2139 829 2211 menifestum,
850 2140 1017 2200 bominem
1029 2155 1096 2200 non
1112 2139 1247 2221 propris
1262 2143 1395 2213 virtute,
1415 2131 1468 2198 sed

387 2221 511 2286 Cbristi
528 2225 647 2286 merito
658 2223 851 2304 justilossi3
872 2224 944 2287 solu
958 2223 1189 2306 gloriationem
1210 2222 1371 2289 exoludit.
1412 2221 1468 2285 Ar·

384 2327 453 2459 gne
468 2311 519 2372 est
535 2307 604 2372 bueo
620 2327 699 2371 veru
714 2311 810 2386 ratio,
831 2307 923 2392 quod
938 2309 1056 2374 nullibi
1071 2309 1162 2373 diost
1173 2307 1299 2372 Psulus
1309 2329 1370 2372 nos
1379 2308 1469 2392 justi·

408 2411 677 2550 cddl.pgudffilds
689 2479 770 2545 fides
785 2482 937 2564 opressit,
959 2455 1076 2566 utpote
1096 2487 1191 2545 sotus
1213 2483 1344 2558 mentis,
1363 2485 1471 2544 tumen

384 2567 419 2630 in
437 2565 500 2630 bae
516 2568 655 2630 muteris
664 2566 910 2650 justitostionis
922 2567 1135 2652 distinguitur
1154 2567 1197 2630 sb
1212 2567 1373 2650 operibus,
1396 2567 1474 2650 quis

384 2649 467 2712 tides
481 2653 599 2734 resipit
612 2654 754 2728 tsntslm,
775 2651 857 2716 nibil
871 2653 942 2730 dut,
957 2661 993 2716 st
1005 2673 1106 2738 opero
1116 2655 1208 2724 dsnt,
1224 2672 1288 2716 non
1300 2654 1473 2734 recipiunt,

383 2735 465 2797 bdes
489 2738 577 2798 enim
604 2743 656 2800 est
680 2741 849 2820 persuasio
873 2739 916 2801 de
942 2737 1172 2804 benevolentid
1197 2739 1258 2802 Dei
1280 2740 1315 2802 iu
1340 2736 1474 2800 Christo

384 2819 538 2884 t'nndsts.
582 2821 658 2886 Hoo
673 2823 770 2886 simili
786 2823 1015 2902 illustrsbitur,
1038 2826 1125 2908 quod
1141 2827 1302 2900 dissimum
1325 2826 1473 2888 extensio

384 2908 503 2970 munus
529 2905 684 2984 mendici,
706 2907 771 2992 qul
794 2909 1038 2995 eleemesynam
1065 2919 1230 2996 uuoeptst,
1251 2917 1302 2974 est
1326 2917 1424 2974 sotus
1444 2915 1475 2972 st

385 3011 472 3074 opus
493 2993 649 3069 mendioi,
666 3015 737 3058 non
762 3003 872 3059 tumen
896 3001 961 3081 qud
983 3015 1065 3081 opus
1088 2997 1277 3064 mendicum
1299 2995 1396 3072 ditst,
1418 2993 1489 3076 sed¹

386 3079 1474 3252 ruruiurrt,tritumillustrarit,-

385 3249 494 3313 voluit
508 3249 676 3316 bominem
695 3253 869 3335 justillosri
885 3256 1040 3338 operibus
1055 3255 1265 3338 evangelicis,
1280 3271 1346 3316 non
1360 3251 1472 3336 legali·

385 3333 460 3398 bus.
508 3335 535 3398 1.
560 3337 659 3400 Enim
676 3339 791 3402 nullibi
807 3340 977 3422 spostolus
996 3343 1137 3424 opponit
1158 3357 1261 3424 opere
1280 3339 1474 3421 evengetios

384 3418 559 3502 legalibus,
581 3421 637 3486 sed
654 3441 756 3506 opere
776 3423 872 3502 bdei3
893 3427 1005 3489 omnis
1027 3445 1129 3510 opers
1148 3424 1307 3490 excludit
1350 3425 1388 3488 2.
1413 3423 1473 3488 Ex·

384 3505 566 3572 eluduntur
580 3511 601 3571 t
616 3509 853 3590 justificatione
867 3529 969 3596 opero
983 3511 1164 3576 Abrsbsmi
1178 3517 1214 3575 et
1230 3510 1387 3590 Dsridis,
1409 3529 1474 3594 que

383 3597 480 3655 erunt
494 3610 596 3676 opers
610 3595 812 3677 evangelius.

429 3677 509 3738 Xll.
533 3677 613 3742 Non
633 3682 865 3756 omittendum,
887 3682 984 3746 ddem
1001 3683 1103 3760 illum,
1125 3703 1198 3768 qum
1221 3703 1281 3746 nos
1299 3681 1488 3766 jussisset„

385 3779 452 3824 non
469 3783 540 3828 esse
554 3773 713 3828 serumst
728 3770 837 3830 vivum
853 3767 962 3844 fldem,
985 3772 1045 3832 nisi
1065 3773 1394 3852 conjungatorum
1411 3781 1488 3851 prs-³

384 3850 537 3924 nitentis,
559 3867 627 3934 spe,
650 3851 812 3916 oburitste
833 3862 868 3916 et
888 3855 961 3918 uliis
985 3857 1172 3920 virtutibus.
1218 3855 1298 3919 Non
1320 3859 1488 3920 omittens

384 3932 462 4018 dum
479 3938 591 4014 etium,
615 3936 724 4002 Deum
740 3957 909 4022 nunquam
922 3939 1045 4004 bomini
1063 3946 1231 4006 remittere
1245 3949 1403 4026 pennum,
1418 3937 1488 4012 nisi

384 4019 485 4083 bomo
501 4022 638 4086 oredens
654 4024 847 4106 poenitentid
868 4025 1010 4090 dueatur
1033 4035 1245 4110 peooutorum
1267 4043 1425 4104 snorum,
1444 4021 1488 4086 eti

381 4105 425 4166 sd
442 4108 611 4172 meliorem
628 4109 755 4192 frugem
773 4113 879 4175 redire
894 4112 1030 4176 firmiter
1052 4121 1188 4187 statuet,
1210 4132 1250 4177 no
1267 4113 1359 4176 bons
1375 4127 1479 4196 opers

381 4198 554 4270 priostum
576 4195 632 4257 sed
648 4196 747 4259 simul
760 4199 902 4280 imponit
918 4199 1003 4262 bono
1019 4199 1243 4262 conditionem
1267 4200 1359 4264 bons
1374 4214 1481 4281 opero

379 4277 567 4356 priestsndi,
588 4299 652 4344 neo
665 4286 752 4344 enim
769 4286 916 4359 remittit,
940 4293 977 4346 ut
999 4286 1100 4347 tibere
1121 4289 1153 4348 in
1170 4285 1341 4368 posterum¹
1357 4303 1482 4366 peuce·

378 4377 463 4434 mus,
485 4359 600 4426 Absit!
643 4364 698 4428 Sin
713 4385 792 4448 ergo
809 4369 876 4428 duo
892 4379 968 4431 suut
983 4389 1105 4450 genero
1121 4389 1240 4444 rerum,
1263 4372 1336 4433 sine
1352 4369 1487 4452 quibus

373 4444 467 4508 nulls
481 4455 531 4512 est
548 4447 754 4532 justificatio,
775 4453 841 4517 ulis
855 4459 1064 4538 supponitur,
1086 4466 1121 4520 et
1138 4457 1205 4522 brec
1216 4461 1267 4522 est
1278 4454 1377 4534 fides,
1401 4473 1487 4520 oum
