2994 4996
317 385 387 450 104
625 391 828 444 renoscere
850 363 1074 442 esursrrurs.
1245 371 1331 459 [lit.
1343 373 1404 440 111.

334 557 471 618 eventus
497 551 598 636 possit
621 551 797 614 consistere
821 567 897 611 cum
921 547 1072 612 libertate
1090 543 1241 608 hominis.
1285 543 1411 610 Verum

335 639 417 702 nihil
432 639 562 710 certius,
585 637 682 718 qurlm
714 635 745 700 l.
769 633 860 699 Nihil
888 635 1018 696 evenire
1041 629 1131 714 quod
1155 627 1324 694 decretum
1345 650 1410 694 non

335 727 387 786 sit.
431 723 462 784 2.
487 721 558 783 Nos
573 739 685 783 omnes
699 738 793 802 agere
808 719 920 794 libere,
934 725 969 781 et
985 719 1053 780 hee
1068 716 1135 780 duo
1152 733 1245 778 nosse
1260 717 1338 778 satis
1353 722 1432 783 est.¹
1480 759 1481 776 i

337 808 412 872 Hoc
427 808 554 869 tantum
571 800 822 880 observandum,
836 803 923 866 idem
935 802 1103 866 decretum
1117 799 1206 883 quod
1221 799 1348 862 futuras
1364 819 1410 862 res

335 891 492 964 decrerit,
507 893 659 954 statuisse
670 892 767 953 etiem
781 889 914 952 modurn
931 908 997 970 quo
1013 906 1062 950 res
1078 887 1196 950 future
1212 893 1299 962 sunt,
1315 887 1361 948 ita
1377 892 1412 948 ιιι

336 997 449 1040 ornnes
464 984 620 1040 creature
636 983 737 1058 agant
751 976 984 1038 convenienter
999 979 1125 1035 naturae
1139 990 1226 1048 suoe;
1257 979 1412 1034 creature

228 1079 235 1098 ·
336 1064 547 1135 inanimales,
569 1057 707 1146 physici
721 1061 936 1135 necessilate3
959 1063 1116 1122 creature
1132 1061 1208 1120 vere
1232 1057 1414 1144 rcfioaolee

253 1207 257 1226 ,
336 1151 370 1212 et
385 1147 493 1210 liberes
508 1167 583 1210 cum
601 1148 727 1209 ratione
741 1153 775 1208 et
790 1163 864 1208 cum
882 1145 1044 1208 libertate.

380 1231 476 1294 XIV.
501 1231 762 1296 Immulcbr'titce
776 1229 899 1294 decreti
916 1229 1001 1293 tollit
1016 1227 1211 1304 libertatem,
1233 1244 1332 1310 quam
1348 1225 1414 1290 the·

337 1315 425 1398 ol'ogi
442 1321 564 1386 vocant
585 1315 857 1398 independentice,
878 1316 913 1378 id
938 1323 987 1378 est
1013 1313 1100 1376 tollit
1123 1331 1195 1376 eam
1222 1311 1414 1387 libertatem,
1438 1391 1440 1394 Ι

338 1421 410 1484 quse
425 1401 485 1464 soli
503 1401 576 1464 Deo
593 1402 762 1490 competit,
784 1401 839 1482 qui
856 1411 893 1461 ut
909 1411 957 1462 est
973 1399 1193 1480 independens
1207 1395 1249 1460 ab
1265 1397 1414 1460 omnibus

337 1488 410 1548 aliis
424 1487 566 1560 entibus,
588 1485 838 1566 independenter
858 1487 956 1546 etiam
972 1485 1060 1564 agit;
1093 1491 1249 1546 creature
1275 1483 1362 1544 enim
1383 1483 1414 1544 iu

337 1591 419 1645 esse,
440 1579 474 1633 et
489 1573 522 1634 in
537 1571 671 1654 operari
685 1572 705 1632 a
722 1569 795 1630 Deo
812 1567 966 1651 pendent,
981 1566 1039 1630 sed
1054 1586 1119 1629 non
1136 1567 1223 1630 tollit
1236 1567 1416 1644 libertatern

338 1657 435 1730 haec,
457 1675 531 1738 quse
554 1654 813 1736 spenfcmilctis
839 1653 971 1729 dicitur,
993 1649 1059 1734 que
1080 1658 1233 1716 creatura
1251 1647 1416 1714 rationalis

336 1741 407 1823 agit
431 1747 548 1822 sponte
569 1747 603 1802 et
626 1741 747 1822 presio
771 1737 888 1802 mentis
907 1737 1055 1825 Judicio;
1085 1735 1255 1802 decretum
1273 1739 1362 1800 enim
1377 1735 1417 1800 de

337 1823 1262 1888 causarumsecundarumactionibusnonerertitearnm
1272 1829 1416 1898 naturas,

337 1915 370 1974 et
386 1911 518 1974 libertas
536 1911 604 1972 hrec
620 1911 708 1972 omni
726 1910 793 1970 enti
809 1907 960 1970 rationali
976 1904 1154 1970 essentialis
1169 1912 1229 1970 est.

381 1994 458 2057 XV.
484 1995 563 2057 Haec
579 1991 832 2057 immutabilitas
848 1991 1053 2055 decretorum
1071 1991 1190 2075 probat
1204 1987 1340 2070 invicte,
1354 2011 1416 2074 non

337 2078 407 2142 dari
426 2079 561 2142 'decreta
582 2076 820 2150 conditionata,
842 2077 922 2139 talia
946 2076 1083 2152 ¹scilicet,
1106 2097 1177 2160 qum
1196 2079 1216 2140 ri
1232 2077 1417 2162 conditione

337 2164 487 2228 mutabili
498 2162 722 2245 dependeant3
744 2159 834 2242 quod
847 2163 933 2224 euim
946 2163 965 2224 a
977 2161 1166 2227 conditione
1177 2161 1330 2228 mutabili
1345 2183 1418 2248 peu·
1480 2183 1481 2192 ¹

337 2249 405 2324 det,
426 2247 630 2312 immutabile
656 2265 727 2310 esse
753 2249 877 2329 nequit.
921 2243 1007 2310 Sane
1033 2245 1167 2312 decreta
1196 2247 1418 2312 conditionata

337 2337 416 2418 poni
440 2352 505 2396 non
530 2329 679 2416 possunt,
699 2333 776 2416 quin
799 2338 1005 2422 supponatur
1020 2351 1095 2395 eum
1118 2331 1172 2417 qui
1187 2331 1346 2411 decrerit,
1366 2339 1419 2396 aut
1480 2345 1481 2416 g

335 2421 489 2504 ignorare
503 2423 672 2496 eventum,
692 2423 917 2481 anteventum
933 2437 999 2480 non
1013 2436 1082 2482 esse
1097 2419 1131 2482 in
1145 2419 1354 2482 decernentis
1367 2437 1419 2502 pc·
1480 2455 1481 2460 κ

336 2509 469 2569 testate.
511 2503 679 2567 Neutrum
704 2505 817 2566 autem
843 2501 908 2566 dici
932 2508 1041 2586 potest
1061 2501 1103 2568 de
1127 2503 1213 2568 Deo.
1258 2501 1419 2586 Equidem
1480 2505 1481 2556 ἓ

338 2609 406 2652 non
422 2587 563 2652 diffiteor
585 2591 815 2674 promissiones
836 2593 871 2652 et
893 2589 1163 2656 comminationes
1178 2587 1244 2652 Dei
1260 2607 1333 2676 esee
1346 2608 1419 2654 eon·

338 2674 529 2750 ditionales;
551 2675 609 2737 sed
620 2675 663 2736 ab
677 2673 741 2738 illis
757 2673 850 2737 nulla
863 2678 913 2736 est
924 2677 1157 2756 consequentia
1170 2673 1213 2736 ad
1231 2674 1295 2738 Dei
1311 2669 1419 2740 decre·

338 2751 393 2820 ta.⁸
429 2759 663 2822 Promissiones
689 2761 776 2822 eninr
801 2777 870 2822 rem
892 2777 962 2820 esse
978 2757 1121 2822 futuram
1138 2779 1205 2822 non
1221 2765 1363 2842 ponunt,
1383 2764 1419 2821 ut

339 2843 491 2920 decreta3
514 2841 574 2906 sed
595 2845 723 2906 tuntum
749 2842 831 2926 quid
852 2845 982 2924 gratnm
1008 2845 1050 2906 sit
1076 2843 1163 2922 Deo,
1185 2843 1264 2928 quid
1279 2864 1369 2920 non;
1388 2849 1419 2908 et

338 2948 461 2992 nexum
475 2931 562 2992 inter
573 2927 796 2992 conditionem
812 2947 885 3012 que
900 2928 1054 3012 exigitur,
1069 2935 1103 2994 et
1118 2949 1272 3014 remque
1288 2932 1419 3014 promit·

339 3015 433 3086 titur,
455 3013 644 3078 ostendunt.
1116 3019 1117 3024 ’

383 3097 479 3164 XVI.
503 3097 780 3184 Quandoquidem
806 3120 904 3165 omne
929 3101 1030 3184 agens
1055 3119 1098 3165 er
1123 3101 1260 3166 consilio
1285 3103 1356 3186 agit
1379 3098 1419 3162 ad

339 3183 449 3247 ideam
458 3205 472 3257 ,·
505 3187 660 3266 queritur
674 3203 716 3248 an
733 3185 818 3248 idere
840 3185 952 3248 sintin
970 3186 1079 3252 mente
1094 3183 1170 3263 Dei,
1181 3193 1226 3272 ,et
1241 3187 1320 3270 quid
1337 3188 1419 3250 sint:

340 3271 454 3352 paucis
469 3269 712 3352 respondemus.
752 3270 787 3332 l.
809 3267 890 3334 Esse
904 3269 994 3332 ideas
1008 3271 1043 3342 in
1058 3275 1167 3334 mente
1183 3269 1260 3348 Dei,
1281 3269 1340 3334 sed
1355 3289 1418 3335 non

338 3353 471 3417 aliunde
490 3356 551 3437 ipsi
566 3353 732 3431 advenire,
754 3373 815 3418 nec
830 3357 851 3418 ὲ
865 3355 962 3418 rebus
977 3355 1116 3432 desumi,
1137 3361 1175 3419 ut
1189 3359 1223 3419 in
1237 3355 1419 3422 hominibus

340 3439 409 3502 fieri
424 3437 517 3514 solet,
539 3439 601 3504 sed
613 3458 662 3502 res
678 3441 786 3524 potius
801 3443 886 3523 ipsas
900 3433 1013 3504 adeas
1035 3439 1124 3505 ideas
1132 3441 1303 3528 ,efformari
1319 3448 1352 3505 et
1366 3435 1420 3518 exs-

366 3525 458 3600 rimi3
489 3527 602 3588 omnia
623 3527 709 3588 enirn
735 3527 823 3608 priris
837 3529 871 3588 in
887 3525 963 3590 Deo
981 3527 1078 3612 quem
1095 3527 1128 3588 in
1145 3527 1242 3590 rebus
1257 3533 1344 3590 sunt.
1386 3526 1416 3588 2.

340 3545 419 3672 luas
434 3609 523 3672 ideas
538 3609 620 3672 nihil
634 3609 724 3672 aliud
739 3629 809 3674 esse
830 3611 927 3693 quim
951 3611 1125 3675 essentiam
1142 3609 1418 3695 Dei'cognoscen·

341 3700 408 3757 tem
428 3712 505 3756 suas
528 3693 756 3776 perfectiones,
778 3702 811 3758 el
835 3696 1000 3760 volentem
1027 3715 1159 3760 suarum
1183 3697 1419 3782 perfectionum

342 3799 412 3842 esse
427 3777 573 3863 quaedam
589 3781 622 3842 in
638 3782 795 3843 creaturis
811 3783 957 3864 vestigia.
1001 3783 1030 3844 8.
1054 3783 1194 3847 Unicum
1223 3786 1351 3846 tantum
1372 3801 1418 3844 re·

343 3881 415 3949 rum
431 3867 578 3928 omnium
593 3885 662 3944 esse
677 3865 785 3928 ideam
801 3867 833 3928 in
851 3865 936 3941 Deo,
952 3869 1101 3948 quamvis
1112 3873 1247 3950 propter
1263 3869 1369 3930 varios
1378 3863 1418 3927 ad

344 3951 408 4024 res,
426 3970 496 4034 qne
522 3957 599 4012 sunt
620 3959 714 4012 extra
730 3951 851 4026 Deum,
873 3957 1052 4034 respectus,
1072 3954 1164 4016 saria
1190 3957 1224 4016 et
1250 3951 1419 4034 multiplex

342 4035 558 4117 concipiatur.
601 4033 711 4118 Atque
727 4039 789 4098 istc
805 4055 900 4099 sensu
921 4054 1034 4100 verum
1049 4055 1119 4100 esse
1134 4035 1241 4100 ideam
1257 4039 1354 4100 unius
1376 4037 1419 4098 rei

342 4137 409 4180 non
434 4139 504 4181 esse
525 4119 632 4182 ideam
654 4121 797 4184 alterius.
839 4119 1052 4185 eominus
1079 4121 1330 4213 perfectionum,
1351 4140 1419 4206 que
1480 4161 1481 4184 i

342 4205 468 4268 sunt-in
485 4207 654 4282 creaturis,
676 4225 744 4271 esse
760 4203 887 4272 tentum
905 4208 938 4270 in
955 4202 1030 4272 Deo
1053 4207 1157 4288 ideas,
1178 4209 1245 4274 riou
1267 4211 1342 4276 reru
1363 4207 1432 4270 iai·¹
1480 4227 1481 4294 ι
