3000 4998
369 493 432 558 274
691 509 894 561 casamala
914 507 1134 559 caurmssl.
1250 477 1337 578 [aa.
1355 489 1454 558 vul.

413 663 492 731 vll.
518 667 701 730 Rursusad
717 668 815 749 hujus
832 669 974 731 materia
990 667 1252 748 intelligentiam,
1271 665 1456 729 nomadum

369 755 470 829 venit,
492 753 622 816 dnobus
636 751 742 816 modis
758 771 851 835 posse
866 753 1065 816 considerari
1080 759 1225 816 seterem
1241 750 1456 833 dispensatio·

369 857 457 914 nem,
473 839 524 900 rel
540 839 650 922 quoad
666 845 834 902 numum
847 841 991 920 speciem
1001 840 1222 920 paedagogica
1232 839 1369 920 tegnlis,
1385 855 1456 918 qna

369 941 485 986 severa
496 924 570 1001 luit,
581 925 662 1004 legis
676 943 716 987 aa
728 922 857 988 roderis
877 943 1014 1006 opernm
1028 923 1303 1008 promulgatione,
1316 940 1394 986 cam
1410 925 1458 984 in-

368 1008 543 1072 tolerando
564 1013 828 1074 ammoniatam
849 1010 949 1090 jugo}
965 1007 1065 1089 juxta
1081 1009 1170 1070 bunc
1194 1017 1382 1090 respectam
1404 1008 1458 1070 lex

356 1101 521 1170 ,vocatur‚
538 1095 652 1158 marc
661 1098 823 1169 occidens,
840 1095 950 1157 btlor.
967 1097 1011 1156 lii.
1024 1097 1055 1154 6.
1085 1092 1353 1176 chirographum
1363 1093 1457 1155 nobis

370 1182 583 1256 contrarium,
600 1181 673 1242 Col.
683 1185 716 1243 il.
731 1181 780 1242 14.
804 1181 975 1262 velqcoud
982 1181 1219 1261 pomeretam
1230 1181 1456 1261 evangelicoe,

247 1281 259 1292 ·
370 1283 442 1346 qum
468 1263 564 1328 inea
585 1268 793 1340 resonabant,
814 1274 849 1328 et
869 1263 979 1348 quoad
996 1268 1161 1328 internum
1189 1267 1377 1338 ceritatem,
1400 1265 1457 1326 sub

343 1350 568 1432 :pedagogia
589 1353 704 1434 legalis
719 1353 804 1426 velo,
826 1359 860 1412 et
878 1355 1003 1414 cortice
1025 1351 1193 1415 latentem.
1217 1367 1282 1431 qno
1308 1358 1458 1431 respectu

352 1439 502 1498 .suavlor
517 1439 578 1499 luit
592 1439 787 1510 aeconomia,
802 1443 966 1518 quatem
981 1435 1022 1499 ad
1035 1435 1248 1498 mediatorem
1264 1445 1334 1497 erat
1349 1435 1459 1516 paeda·

367 1539 483 1602 gogus,
505 1529 540 1584 et
555 1523 702 1602 ambram
718 1540 827 1584 rerum
843 1523 1027 1584 futurarum
1043 1519 1246 1593 continebat,
1268 1520 1357 1582 ande
1371 1539 1459 1582 sum·

354 1615 460 1668 -lnum
483 1607 637 1670 solatium
655 1607 880 1688 percipiebant
895 1607 1017 1682 fideles,
1039 1609 1093 1689 qui
1109 1606 1149 1668 ad
1171 1608 1344 1668 veritatem
1361 1623 1458 1668 evan·

368 1691 508 1770 gelisam
530 1694 591 1754 sub
617 1693 679 1754 boc
706 1695 829 1755 cortice
851 1695 1008 1756 latentem
1030 1691 1259 1764 attendebant,
1280 1699 1315 1754 et
1340 1693 1455 1774 quibus

369 1775 510 1858 Spiritus
525 1779 667 1842 Sanctus
689 1797 809 1840 novam
825 1777 932 1840 lncern
953 1775 1156 1858 indulgebat,
1177 1795 1218 1840 ac
1242 1779 1371 1859 majora
1385 1779 1455 1840 snb

353 1861 452 1924 ¹sidia
481 1862 762 1940 subministrabat,
787 1871 825 1925 ut
856 1871 989 1946 possent
1018 1881 1090 1926 earn
1122 1865 1293 1925 veritatem
1325 1865 1453 1926 intueri.

351 1948 426 2009 .Slc
454 1950 488 2010 in
514 1952 698 2012 aeconomia
726 1951 827 2011 veteri
856 1949 919 2012 luit
943 1952 1088 2012 mixtura
1117 1948 1197 2030 legis
1222 1955 1257 2011 et
1282 1951 1454 2030 evangelii.

369 2033 474 2107 Illius,
496 2041 533 2096 ut
549 2041 706 2096 terrorem
722 2037 887 2097 incuteret
902 2035 1142 2117 peccatoribus,
1163 2041 1198 2096 et
1213 2033 1331 2097 duram
1344 2035 1454 2117 populi

368 2121 532 2180 cervicem
558 2119 735 2200 frangeret.
780 2121 888 2193 lellus,
920 2129 957 2181 ut
984 2121 1199 2182 conscientias
1225 2123 1396 2196 contritas,
1422 2129 1454 2183 et

253 2251 258 2260 .
366 2206 496 2288 peccati
511 2223 608 2266 sensu
624 2207 782 2266 attonitas
789 2207 936 2286 erigeret
949 2223 992 2268 ac
1004 2205 1176 2270 solaretur.
1223 2205 1298 2270 Hoc
1313 2216 1403 2290 patet
1413 2225 1455 2269 ex

347 2290 969 2457 ·s·;unl·u:ll{st,usl
993 2291 1168 2438 siniit
1185 2293 1456 2441 uulsis

368 2463 460 2545 poni,
481 2467 516 2524 et
530 2461 634 2523 solum
652 2460 781 2526 Mosem
797 2460 839 2523 ad
855 2479 950 2524 suum
962 2461 1131 2526 admisisse
1144 2471 1373 2546 conspectum.
1418 2465 1456 2527 ln

349 2548 520 2611 -eecundo
540 2547 691 2630 legimus‚
727 2545 908 2628 quomodo
926 2549 1135 2609 victimarum
1162 2553 1327 2629 sanguine·
1351 2553 1457 2612 sanci·

348 2642 442 2696 =tum
468 2632 862 2705 recommemorata
889 2641 1033 2696 montem
1055 2651 1131 2696 cum
1157 2633 1254 2698 Mose
1273 2637 1392 2710 vocati,
1418 2645 1457 2698 at
1497 2683 1498 2688 η

369 2719 433 2778 Dei
450 2723 630 2792 conspectu
648 2717 845 2780 fruerentur.
1497 2717 1498 2773 l

348 2826 352 2835 ·
412 2798 509 2858 Vlll.
528 2797 581 2858 Ex
593 2799 689 2860 dictis
701 2807 793 2880 patet
801 2800 982 2877 evidenter,
999 2803 1114 2867 Patres
1122 2808 1241 2870 veteris
1250 2805 1458 2870 Testamenti

343 2910 351 2940 ,2
365 2881 513 2944 salvatos
521 2881 621 2944 luisse
636 2891 729 2964 laque
739 2903 779 2946 ac
795 2905 865 2960 nos,
883 2893 920 2948 nt
931 2887 1030 2950 docet
1048 2889 1175 2966 Petrus,
1198 2891 1270 2956 Act
1286 2911 1340 2955 xv.
1357 2896 1406 2956 ll.
1423 2898 1456 2956 in
1496 2957 1497 2964 ,

365 2968 534 3032 civilatem
557 2967 721 3032 cmlestem
749 2989 846 3052 quam
873 2973 1095 3054 expectabant
1118 2979 1321 3040 intromissos
1345 2981 1457 3055 luisse,

365 3059 401 3117 et
426 3052 543 3129 salute,
576 3073 673 3136 quam
698 3057 853 3131 avebant,
877 3057 964 3134 lrai3
996 3079 1063 3122 non
1098 3059 1266 3138 Erochos,
1299 3072 1334 3125 et
1366 3065 1456 3128 Elias

365 3142 508 3214 antam,
524 3142 557 3204 in
569 3141 688 3204 coelnm
700 3143 864 3217 translati,
877 3143 935 3206 sed
950 3163 1064 3208 omnes
1079 3149 1124 3229 pli
1135 3153 1170 3210 et
1180 3149 1298 3225 sancti,
1314 3169 1456 3232 quornm

365 3225 461 3287 Deus
475 3233 547 3288 erat
564 3226 666 3288 Densa
1495 3235 1496 3278 l

410 3309 471 3372 IX.
494 3311 528 3372 Si
551 3315 621 3394 quis
646 3319 736 3393 petat
758 3333 819 3376 cnr
833 3316 966 3378 unicum
990 3316 1094 3380 loedus
1108 3321 1222 3400 gratim
1236 3319 1458 3384 diversimode
1495 3281 1496 3359 l

364 3393 554 3477 dispensare
570 3397 722 3473 voluerit,
742 3399 913 3464 obscurius
928 3403 1080 3484 primum,
1102 3403 1222 3468 deinde
1237 3406 1370 3482 clarius,
1396 3409 1457 3470 boc

364 3499 557 3563 responsum
589 3481 720 3559 lrabeat,
766 3486 792 3546 l.
825 3485 1000 3568 Sapientiae
1031 3488 1095 3552 Del
1128 3509 1313 3571 congruum
1344 3494 1456 3568 luisse,
1494 3547 1495 3566 i

364 3567 462 3630 aliter
471 3585 543 3630 cum
557 3566 708 3630 Ecclesia
717 3587 826 3650 agere,
841 3571 920 3634 dum
934 3577 966 3634 r'n
980 3579 1152 3638 cuniserat
1162 3585 1219 3638 aut
1236 3577 1456 3652 balbutiebat,
1494 3583 1495 3653 l

364 3652 462 3716 aliter
484 3667 561 3719 cum
590 3651 740 3718 Ecclesia
761 3655 888 3720 adulta.
931 3658 961 3720 2.
987 3657 1253 3724 Consentaneum
1285 3664 1398 3740 luisse,
1420 3673 1456 3726 nt

365 3743 432 3819 qod
456 3745 607 3819 tempora
621 3739 751 3823 longius
771 3741 949 3808 abexortu
963 3745 1040 3809 eolis
1058 3748 1195 3828 justitia
1210 3747 1395 3827 dietabant,
1418 3757 1458 3814 eb

364 3821 687 3890 obscuriorcersent.
1493 3883 1494 3947 p
