3016 4998
312 347 315 358 ’
419 393 555 448 rsrsss
576 393 820 450 suanenses.
1107 388 1191 486 sei¹

142 557 179 620 8.
205 556 384 622 Naturam
395 558 546 618 nestram
562 555 610 618 ita
624 553 738 630 inficit,
752 560 790 633 pt
805 554 838 620 in
849 556 1073 640 spiritualibus
1088 561 1174 626 nihil

46 641 208 726 amplius
227 642 289 706 vel
306 643 373 702 seri
390 658 601 722 cognoscere,
617 639 670 706 sel
683 640 759 706 boni
776 641 860 706 selle
876 661 1034 724 queamus
1049 647 1173 732 ubsque

53 729 188 792 auxilio
209 727 297 801 Dei,
312 729 378 788 imo
394 723 438 788 ad
460 726 583 788 malum
599 728 647 788 ita
668 730 822 810 propensi
837 730 950 806 simus,
974 737 1011 792 ut
1025 731 1068 794 ad
1089 731 1173 798 illud

54 833 196 898 semper
214 814 380 878 feramur.
1161 825 1163 831 “
1186 821 1189 829 ‘

143 899 180 966 4.
209 899 344 964 Praeter
355 893 442 962 istnd
459 903 634 997 pennatum
648 897 818 982 originale,
830 899 1053 986 aliaqnotidie
1064 909 1173 992 patre·

53 983 762 1165 m⁵⁵bluffirlelulrlslrlappllffclrllbglprralin
776 1090 848 1136 esse
869 1091 1039 1163 uegenpns,
1062 1077 1173 1138 tamen

53 1159 290 1241 agnoscimus
306 1160 444 1216 mortem
461 1171 574 1214 omnia
590 1156 717 1230 mereri,
734 1175 795 1220 nec
814 1157 917 1221 nllnm
933 1177 1003 1220 esse
1018 1160 1158 1222 veniale.

147 1245 182 1304 6.
209 1241 377 1303 Omnium
387 1245 1175 1327 tsmenpecostornmremissionemconsequun-
1274 1301 1288 1318 ,
1398 1287 1404 1300 .

52 1335 117 1394 tur
130 1327 271 1402 fideles,
288 1323 378 1386 nude
393 1326 431 1386 iis
446 1323 540 1385 uuila
554 1333 604 1386 est
619 1317 864 1390 condemnatio.

100 1399 116 1426 '
147 1417 181 1476 7.
209 1411 360 1476 Nullum
384 1403 560 1492 peccatum
586 1410 805 1476 irremissibile
829 1411 897 1476 dici
928 1412 1028 1480 debet
1057 1423 1175 1499 preter

57 1511 251 1584 peccatum
283 1497 318 1560 in
344 1496 504 1580 Spiritum
531 1495 704 1576 Sanctum,
730 1499 765 1563 in
790 1499 884 1580 quad
910 1499 992 1569 nulli
1026 1520 1172 1588 unquam

57 1587 163 1665 electi
180 1584 312 1658 molere
326 1589 473 1666 possunt.
582 1653 585 1660 ,

428 1747 473 1814 rs
496 1746 712 1815 Asncuson
734 1747 817 1814 xii.

64 1919 132 1984 Tu.
155 1919 185 1982 l.
212 1915 273 1982 Ex
291 1919 363 1980 tato
378 1911 527 1978 humano
543 1933 665 2002 genere
680 1933 739 2002 per
753 1912 921 1980 Adnmnnr
938 1915 1043 2000 lapso,
1058 1919 1092 1980 et
1107 1917 1175 1980 exi·

62 2008 150 2068 tium
162 2011 330 2066 veternum
342 2005 522 2084 promerito
539 1999 700 2086 quosdam
714 2001 808 2066 Dens
821 1999 921 2083 elegit
936 2001 978 2075 sd
989 2008 1023 2064 et
1033 2001 1175 2069 salntem

61 2091 266 2158 destinauit.

73 2220 89 2238 .
152 2177 188 2240 2.
215 2175 396 2258 Obiectnm
418 2174 590 2238 electionis
615 2173 680 2240 Dei
696 2193 762 2238 non
779 2179 858 2238 sunt
878 2195 992 2241 omues
1014 2173 1179 2249 homines,

60 2262 125 2326 sed
143 2261 285 2345 qnidsrn
302 2261 431 2326 tuntrlnr
453 2262 525 2324 aliis
541 2279 603 2324 uec
621 2259 771 2324 meliores
795 2280 857 2326 nec
873 2259 1051 2344 digniores,
1068 2263 1176 2328 cousi·
1251 2323 1255 2331 ,

64 2345 176 2412 (letati
195 2355 237 2407 nt
254 2347 347 2425 lapsi,
362 2355 396 2406 et
413 2356 450 2405 nt
464 2353 593 2406 seierum
610 2349 724 2405 mortis
740 2347 796 2405 rei.

156 2434 189 2494 8,
217 2428 298 2494 Non
309 2431 398 2490 iacta
409 2437 459 2490 est
470 2429 589 2490 electio
606 2445 648 2490 ex
661 2426 937 2508 prerisiouelirlei
954 2435 1013 2495 unt
1024 2447 1175 2508 operum,

65 2517 163 2582 seda
178 2511 254 2576 solo
273 2511 334 2574 Dei
354 2511 560 2594 beneplacito
578 2511 709 2594 pendet.

156 2603 191 2664 4.
217 2593 362 2676 AEterna
377 2604 438 2670 est,
452 2605 531 2660 snte
542 2596 636 2678 jecta
651 2593 767 2658 mnndi
784 2593 1017 2670 fundamenta3
1040 2601 1177 2662 cerlaet

70 2690 301 2773 peremptoria
317 2681 523 2766 quarundam
541 2699 769 2764 personarum,
785 2700 938 2764 quarum
952 2702 1110 2751 numeros
1126 2691 1176 2747 est

70 2773 244 2847 delinitus,
261 2767 494 2842 irrevocabilis,
510 2769 735 2832 immutabilis.

161 2861 196 2922 n.
222 2857 277 2920 De
292 2875 332 2920 ea
347 2865 455 2930 certus
471 2873 541 2916 esse
558 2851 661 2916 fidelis
677 2857 798 2936 potest.

154 2947 193 3008 ¹6.
220 2943 267 3006 Ut
282 2940 440 3024 quosdam
460 2939 551 3002 Dens
566 2940 689 3019 elegit3
712 2943 758 3000 ita
774 2936 872 3002 etiam
888 2939 971 3002 alios
987 2941 1176 3023 preteririt,

73 3037 110 3096 el
121 3033 166 3180 gn
195 3027 326 3096 misens
341 3025 400 3091 sui
422 3027 565 3110 reliquit,
580 3043 664 3107 quos
687 3027 817 3088 eternis
840 3027 945 3108 pinnis
973 3025 1016 3088 ob
1037 3031 1176 3108 peccata

71 3117 117 3180 ad
144 3117 214 3180 icit.

431 3279 471 3342 is
494 3276 707 3342 Ansicuuun
731 3275 830 3340 Xlll.

79 3449 144 3512 Tu.
166 3451 194 3514 l.
220 3447 302 3510 Curi
321 3447 450 3528 justitie
469 3444 582 3509 divino
601 3465 666 3508 nou
697 3451 864 3526 peteretur
890 3443 1039 3521 homines
1068 3439 1176 3505 saluta

80 3537 211 3610 donari,
227 3536 287 3596 uisi
306 3536 395 3615 priris
411 3552 471 3616 pro
487 3541 631 3616 peccatis
646 3531 688 3594 ab
705 3533 743 3592 iis
764 3533 946 3610 commissis
973 3535 1002 3592 ei
1030 3531 1178 3592 satisfac·

80 3629 149 3684 tum
160 3629 258 3692 esset,
274 3623 446 3682 constituit
463 3616 555 3682 Dens
570 3619 699 3680 mittere
715 3615 836 3678 Filium
848 3635 956 3693 snum,
969 3619 1026 3699 qni
1038 3615 1176 3697 justitie

75 3721 144 3772 ture
160 3706 377 3780 satisfaciens,
392 3705 532 3768 salntem
548 3704 660 3768 electis
677 3709 894 3786 compararet.
931 3753 939 3764 .

164 3793 197 3856 2.
211 3791 330 3854 ‘Neruo
350 3791 413 3854 hou
425 3798 579 3874 prestare
595 3795 736 3872 poterat,
749 3799 866 3872 preter
878 3807 980 3852 uuum
996 3785 1178 3861 Christum,
1244 3792 1249 3801 “

80 3877 184 3944 beate
202 3876 349 3958 Virginis
364 3875 479 3952 filium,
497 3875 733 3941 Immsnuelem
756 3884 918 3949 nostrum,
934 3893 1047 3938 rernrn
1065 3871 1177 3936 Deum

79 3982 119 4028 ac
142 3981 257 4028 vernus
283 3963 460 4038 hominem,
487 3963 542 4044 qni
561 3961 679 4044 triplici
708 3979 844 4024 munere
868 3959 1058 4024 instructus*
1076 3960 1178 4022 inita

82 4047 188 4120 Patre,
211 4059 248 4110 ut
275 4045 394 4130 triplici
417 4047 505 4110 malo
530 4065 586 4127 per
610 4053 785 4126 peccatum
811 4047 944 4109 iniecto
969 4043 1179 4119 mederetnr3

83 4138 206 4218 quique
220 4135 316 4216 siqu,
332 4132 406 4196 loeo
422 4139 547 4224 nostrq,
569 4149 632 4200 neo
646 4132 776 4199 tanturn
803 4139 918 4200 nostro
934 4131 1025 4200 bono
1041 4131 1178 4216 justitia

85 4221 147 4284 Dei
162 4223 265 4298 irate,
285 4219 453 4304 persolvit.
