3000 5006
351 434 415 504 2⁸2
657 447 858 500 rnnonoers
882 447 1103 500 canrsrrsrn.
1278 406 1441 518 [ΜΚ]

352 608 490 694 proinde
505 607 763 690 resipiscentiam
779 605 948 690 precedat
965 610 1000 669 et
1018 603 1136 668 tidem:
1157 607 1371 688 ragcrrcratr'o
1384 605 1430 670 ali·

352 694 488 778 quando
503 693 746 776 complectatur
758 695 966 756 vocationem
982 691 1160 766 efficacem,
1182 699 1217 752 et
1231 696 1432 759 renovationi

352 801 405 844 em
434 787 561 842 naturae
591 785 766 860 corruptis,
802 778 860 840 sed
891 777 1071 860 aliqnando
1100 777 1202 838 etiam
1232 779 1348 838 stricte
1382 792 1434 858 prt

351 863 422 930 solit
442 873 568 928 naturae
593 872 754 946 corruptas
773 866 987 927 renovatione
1010 870 1182 938 sumatnr;
1211 861 1435 942 sanctificatio

351 956 394 1014 sit
408 953 616 1014 continuatio
642 952 908 1031 regenerationis,
931 949 1102 1012 conversio
1117 951 1194 1010 verb
1221 947 1321 1010 modo
1342 949 1436 1028 equi·

352 1036 476 1118 polleat
492 1037 743 1116 regenerationi,
759 1035 857 1100 modo
872 1036 1123 1117 resipiscentiae,
1145 1041 1195 1095 set
1208 1039 1246 1095 ut
1261 1033 1439 1114 plurimum

352 1121 421 1184 basa
437 1122 538 1184 rerba
553 1123 737 1203 promiscue
752 1129 939 1182 sumuntur.
1436 1120 1445 1229 ι

396 1207 454 1270 lV.
480 1206 527 1272 Ul
543 1211 631 1270 recte
643 1211 716 1270 tota
732 1206 799 1270 bac
815 1208 962 1278 materia,
976 1211 1012 1267 et
1028 1203 1144 1266 modus
1166 1223 1235 1286 qno
1251 1203 1316 1268 Dei
1331 1207 1444 1286 gratis¹

297 1328 299 1336 ·
352 1295 386 1356 in
409 1295 557 1356 homines
582 1295 663 1372 agit,
695 1291 910 1374 intelligatur,
934 1289 1132 1374 quibusdam
1157 1291 1445 1374 propositionibus!

352 1381 547 1444 moustiers
563 1385 710 1440 nostram
718 1377 968 1460 explicabimus.
1437 1388 1445 1435 t

397 1463 438 1526 V.
462 1461 509 1525 At
523 1469 601 1532 ante
616 1465 728 1526 omnia
743 1461 975 1526 resumendum
996 1467 1050 1525 est
1069 1459 1161 1544 quod
1176 1458 1283 1536 autel,
1296 1459 1375 1522 dnm
1391 1459 1441 1524 oe

351 1549 442 1612 liberi
455 1549 580 1612 arluitrii
593 1547 787 1631 impoteulii
799 1548 1025 1629 loquebamur,
1036 1547 1291 1620 observavimus,
1306 1552 1434 1626 nempe,

353 1633 518 1698 bominem
535 1633 652 1696 nature
666 1633 725 1696 sut
739 1641 773 1696 et
787 1634 909 1716 absque
923 1635 1047 1714 gratia,
1057 1633 1183 1695 auxilio
1202 1631 1245 1694 ad
1267 1651 1367 1693 omne
1379 1631 1433 1694 bo·

352 1719 700 1887 tttstlltttt:
718 1717 1434 1886 tlltllttltttt·tollat:

349 1891 450 1954 ullius
460 1893 600 1954 actionis
615 1911 689 1974 qua
702 1891 776 1954 Deo
792 1893 894 1973 possit
908 1909 978 1952 esse
990 1895 1094 1970 grata.
1130 1888 1204 1950 Neo
1219 1888 1284 1950 boc
1296 1891 1431 1962 tanturn,

349 1975 407 2040 sed
423 1985 457 2038 et
474 1977 637 2040 bominem
654 1979 686 2040 in
703 1977 760 2040 tali
780 1985 868 2038 statu
880 1978 1048 2058 jacentem
1063 1974 1146 2038 nibil
1161 1993 1255 2056 posse
1271 1985 1431 2055 prestare,

350 2059 438 2142 quod
466 2061 517 2122 rel
544 2063 710 2124 tantillum
732 2062 881 2142 impellat
907 2062 1017 2124 Deum
1032 2060 1075 2122 ad
1097 2062 1158 2141 ipsi
1179 2062 1321 2140 gretiam
1342 2075 1430 2120 susm

351 2144 605 2220 conterendam
626 2147 707 2228 quid
734 2149 821 2209 enirn
836 2153 965 2228 gratum
994 2147 1116 2208 laceret
1131 2153 1310 2227 corruptae
1325 2145 1432 2216 borno,

349 2237 382 2292 at
398 2249 431 2291 rn
448 2233 660 2312 corruptione
677 2231 793 2311 jacens
808 2250 848 2294 ac
864 2234 1009 2313 peccatis
1023 2249 1230 2312 summopere
1245 2227 1431 2294 delectans?

351 2313 448 2381 Unde
464 2317 594 2378 vocatio
606 2316 762 2378 tribuitur
775 2335 864 2382 cnoro
879 2315 946 2382 Dcs'
959 2317 1185 2397 bsaaptncilo;
1208 2314 1312 2391 Deus,
1328 2317 1433 2398 inquit

352 2399 488 2476 Paulus,
513 2401 611 2482 facit
646 2403 728 2466 velte
754 2406 785 2463 ct
811 2402 947 2482 operari
975 2403 1155 2464 amodum
1181 2401 1431 2484 beneplacitum.

352 2485 472 2568 Philip.
506 2490 536 2550 ii.
567 2487 613 2550 lt.
647 2486 788 2568 'Quibus
810 2486 963 2548 omnibns
983 2485 1184 2562 addendum,
1209 2486 1375 2550 bominem
1397 2490 1433 2550 in
1491 2496 1492 2530 l

351 2591 392 2636 eo
419 2579 507 2634 statu
523 2591 590 2635 non
612 2591 707 2654 posse
722 2573 932 2654 semetipsum
960 2570 1133 2653 disponere
1147 2572 1189 2634 ad
1205 2571 1431 2655 excipiendam

350 2661 502 2738 gratiam,
527 2665 586 2720 aut
611 2657 679 2718 ullo
706 2657 805 2720 modo
829 2657 873 2720 ad
906 2656 1017 2720 Deum
1043 2657 1213 2722 accedere.
1258 2655 1430 2726 Quomodo

350 2745 437 2806 enirn
454 2751 601 2804 mortuus
616 2761 650 2803 se
671 2741 860 2824 disponeret
877 2740 921 2804 ad
944 2745 1044 2804 vitam
1066 2746 1137 2805 acci
1163 2743 1302 2816 tendam,
1322 2762 1435 2806 cacus

349 2761 1433 2908 adrecipiendumvtmm,etservosanimoeteorifesdltberrstern?

395 2913 455 2976 llis
494 2913 748 2996 praesuppositis,
779 2911 1056 2995 propositionibus
1090 2913 1288 2996 quibusdam
1327 2923 1434 2978 totam

350 2997 437 3064 banc
449 3000 617 3062 materiam
633 3001 840 3080 exponimus.
888 2997 915 3060 l.
934 2998 1029 3066 «Quor
1043 2997 1136 3062 Deus
1146 2997 1255 3082 pratil
1268 2999 1342 3062 ruit
1356 3021 1434 3064 con·

349 3091 488 3160 vertare,
500 3103 557 3147 eos
572 3090 609 3147 ut
626 3085 802 3166 plurimum
819 3085 935 3148 sensim
948 3084 1094 3166 disponit
1113 3085 1156 3150 sd
1171 3087 1433 3162 conversionem,

350 3173 469 3254 partim
486 3174 629 3234 externis
644 3170 769 3242 mediis,
796 3171 914 3252 partim
930 3172 1074 3233 internis.
1122 3170 1272 3236 Eatcmc
1287 3169 1431 3254 disponit

349 3275 408 3338 per
417 3257 692 3335 predicationem
707 3255 807 3326 vorbi.
823 3259 910 3338 legis
923 3260 955 3320 at
970 3257 1138 3338 evangelii
1146 3276 1160 3328 ;
1182 3255 1361 3338 aliquando
1414 3275 1430 3318 r

349 3340 507 3422 bneficiis
522 3345 730 3423 temporatia,
745 3341 923 3422 aliquando
944 3359 1002 3422 per
1016 3345 1258 3424 castigationes
1278 3351 1312 3406 ct
1384 3345 1432 3406 ic·

346 3429 462 3492 tiones.
506 3427 640 3492 ‚loterot
654 3445 758 3508 quum
773 3433 875 3490 terret
885 3427 1131 3502 conscientiam,
1149 3430 1204 3490 iras
1218 3445 1287 3490 sue
1297 3447 1434 3492 amum

346 3511 576 3594 imprimendo,
599 3514 727 3592 peccati
743 3509 980 3594 turpitudinem
990 3509 1341 3584 exhibitooidertun
1353 3534 1433 3578 oon·

345 3599 502 3661 versionis
522 3615 566 3660 ac
592 3595 633 3659 ad
651 3597 818 3660 meliorem
847 3597 973 3676 irogem
1002 3596 1159 3664 redeundi
1180 3600 1369 3680 ingenerat,
1401 3605 1433 3663 et

347 3685 502 3746 virtutem
518 3683 580 3744 sub
605 3679 825 3764 pulcherrimi
839 3679 946 3746 torma
966 3686 1130 3766 proponit.
1176 3683 1207 3748 2.
1230 3683 1293 3748 illa
1311 3689 1434 3766 gratia,

348 3787 447 3852 quam
473 3769 698 3850 disponentem
722 3767 764 3830 ad
791 3770 1039 3834 conversionem
1070 3787 1191 3836 vocare
1212 3770 1283 3852 qnia
1307 3779 1434 3851 posset,

348 3855 461 3918 rnnltis
475 3857 574 3918 etiam
589 3855 736 3937 reprobis
746 3854 852 3918 datur.
898 3853 996 3918 Unde
1010 3856 1199 3918 illuminati
1211 3854 1384 3931 dicuntur,
1401 3864 1436 3920 et

349 3939 390 4002 de
414 3944 451 4004 iis
472 3941 594 4004 dicitur
608 3961 664 4004 eos
685 3945 833 4022 gustasse
848 3940 938 4004 dona
959 3940 1113 4004 calestia.
1156 3943 1188 4006 8.
1210 3939 1341 4015 Gratia,
1358 3959 1433 4024 ques

348 4023 514 4092 sufficiens
536 4033 586 4091 ert
609 4025 653 4090 ad
672 4029 921 4092 couversionem
943 4026 1094 4102 bominis,
1120 4043 1187 4092 non
1210 4025 1310 4092 datur
1325 4029 1435 4092 ornul-

348 4109 431 4186 bus;
453 4115 631 4177 innumeris
657 4115 744 4178 enirn
760 4135 822 4185 uec
838 4115 941 4179 datur
954 4131 1011 4176 cor
1025 4113 1071 4176 ad
1092 4111 1356 4196 scottigenam
1369 4132 1433 4178 mc

348 4197 437 4260 oculi
452 4199 499 4258 ad
510 4201 696 4264 vidosdum.
714 4201 814 4264 Dent.
829 4219 910 4264 xxx.
920 4199 962 4262 .2.
985 4217 1048 4264 neo
1062 4199 1181 4262 notitia
1197 4199 1430 4281 mysteriorum

350 4277 427 4354 Dei,
444 4277 566 4346 Mattb.
577 4287 624 4350 xi.
635 4285 733 4362 aner
747 4287 815 4350 xiii.
835 4285 883 4350 ll.
929 4285 1163 4354 Nouamuiam
1176 4283 1429 4358 moerores.
