3032 4998
65 431 212 520 t'op.1.]
420 445 467 498 nn
490 387 706 498 sr'rsrsarrs
728 443 801 498 nsr.
1131 435 1157 502 Β

59 606 112 670 rel
126 605 252 670 educta
273 621 316 668 ex
338 600 486 678 maleril,
507 603 562 666 vel
582 603 625 666 ab
652 603 741 668 Ente
765 605 831 668 allo
857 609 995 671 externo
1021 613 1153 672 creata:

58 701 217 756 eternam
232 710 331 753 nemo
347 709 438 753 nuno
453 688 563 752 dicere
584 689 743 767 anderet3
764 691 918 756 eductam
931 713 1004 758 esse
1019 713 1061 758 ex
1086 713 1153 758 ma·

57 776 140 840 teria
155 775 437 850 absurdissimum,
465 793 540 838 nam
551 775 688 839 ellectus
698 796 764 840 non
774 785 824 840 est
837 779 980 844 nobilior
991 779 1101 855 causti,
1117 787 1151 845 et

56 867 131 946 quis
153 862 298 928 crederet
308 881 350 925 ex
362 859 499 924 materia
514 859 660 938 eistensi,
683 860 793 926 crased
807 871 841 927 et
852 865 1043 943 inanimati,
1058 869 1154 950 spiri·

6 943 8 1004 l
55 951 182 1012 tualem
198 955 233 1014 et
247 951 450 1030 cogitantem
466 947 682 1010 substantiam
693 947 791 1012 educi
806 953 964 1033 potuisse,
985 955 1052 1016 imd
1075 955 1151 1018 sub·

55 1039 213 1100 stantiam
238 1034 322 1098 adeo
347 1035 514 1108 eximiam,
544 1040 583 1096 ut
606 1033 646 1097 de
667 1034 820 1098 omnibus
836 1038 972 1119 cogitet,
994 1047 1150 1106 ettotum

55 1125 247 1185 universum
269 1120 527 1202 cogitationibus
539 1121 606 1182 suis
618 1119 872 1203 complectatur,
893 1127 1067 1205 presentia
1081 1145 1151 1190 cer·

55 1217 122 1284 nat,
155 1209 396 1290 preteritorum
421 1203 625 1282 recordetur,
649 1205 764 1269 lutura
813 1209 977 1290 respiciat,
1005 1229 1077 1290 que
1098 1219 1151 1274 tot

53 1301 139 1357 artes
154 1295 293 1368 invenit,
326 1297 378 1355 tot
393 1292 528 1367 excolit,
559 1297 611 1354 tot
625 1227 820 1355 admiranda
839 1300 982 1375 prestat,
1005 1315 1067 1360 nec
1084 1296 1149 1361 boc

54 1379 165 1442 seculo
174 1383 347 1454 contenta,
361 1384 421 1448 aut
432 1379 521 1440 bisce
532 1377 777 1454 sublunaribus,
794 1378 903 1442 Deum
915 1384 1148 1446 eternitatem·

55 1485 116 1548 qne
129 1466 272 1548 appetit,
293 1464 480 1547 coelumque
492 1473 526 1526 et
538 1471 657 1526 terram
670 1479 710 1525 ac
723 1465 827 1526 maria
840 1468 1012 1546 percurrit,
1034 1471 1095 1531 etsi
1111 1471 1146 1532 in

53 1551 175 1634 angulo
190 1549 307 1613 mnndi
327 1548 509 1612 delitescat.
553 1549 734 1612 Auctorem
756 1551 857 1631 igitur
878 1549 996 1614 babet:
1030 1557 1145 1618 verbm
1199 1623 1203 1631 ,

54 1639 122 1720 quir
137 1636 194 1700 ille
210 1643 271 1714 est,
293 1637 320 1698 si
337 1635 430 1698 Deus
446 1643 588 1710 nonest,
609 1635 756 1698 indicare
772 1654 870 1698 nemo
882 1641 1014 1720 poterit.

91 1723 191 1786 Adde
206 1720 403 1785 miraculum
417 1722 661 1802 conjunctionis
676 1723 793 1784 anima
808 1741 884 1784 cum
899 1741 1049 1804 corpore,
1071 1731 1144 1789 tan·

54 1813 157 1892 taque
171 1809 430 1890 conjunctionis,
461 1815 500 1869 ut
524 1805 568 1870 ad
591 1805 750 1888 quasdam
775 1809 892 1870 animm
915 1811 1143 1889 cogitationes,

54 1895 184 1978 qnidam
202 1897 353 1957 oriantur
367 1895 553 1974 incorpore
570 1897 690 1967 motus,
712 1897 747 1954 et
761 1890 804 1954 ad
820 1892 979 1974 quosdam
996 1901 1144 1978 corporis

53 1988 172 2058 motus,
194 1979 345 2064 quiedam
361 1981 510 2042 oriantur
526 1981 558 2040 in
573 1983 683 2040 mente
699 1979 938 2058 cogitationem
960 1983 1019 2042 etsi
1031 1985 1144 2046 anima

52 2069 184 2142 nesciat,
208 2063 377 2149 quomodo
393 2066 541 2128 membra
554 2065 597 2125 ad
613 2082 707 2126 suum
728 2069 844 2126 nutum
867 2072 1074 2140 moveantur,
1108 2077 1142 2132 et

50 2151 217 2236 quomodo
243 2153 286 2214 ad
312 2156 440 2218 motum
468 2149 689 2213 membrorum
716 2149 750 2212 in
775 2168 810 2212 se
830 2151 1019 2213 excitentur
1044 2157 1142 2218 varie

50 2241 279 2320 cogitationes.
900 2287 902 2292 .

91 2320 191 2388 v111.
218 2323 380 2394 Quintum
395 2321 639 2406 Argumentum
655 2340 697 2384 ex
721 2322 869 2384 omnium
894 2321 963 2384 fere
989 2327 1139 2405 gentium

49 2413 146 2476 etiarn
161 2409 463 2474 efferatissimarum
480 2425 644 2470 consensu
659 2409 692 2470 in
710 2407 772 2470 boc
784 2413 981 2487 argumento
998 2408 1140 2474 desumi-

50 2504 112 2559 tnr.
157 2495 257 2562 Unde
272 2495 309 2558 fit
335 2495 423 2557 enim
440 2499 477 2557 nt
500 2492 650 2556 homines
670 2511 713 2555 ex
738 2493 892 2556 omnibus
918 2494 1021 2556 ferme
1044 2502 1139 2560 terre

51 2584 163 2666 plagis,
201 2581 413 2655 educatione,
453 2577 576 2654 indole,
614 2575 731 2660 patrid,
778 2579 978 2660 ingenioque
1008 2579 1139 2660 diversi,

51 2669 176 2752 quidvis
198 2669 309 2751 potius
334 2666 396 2728 sibi
419 2665 639 2748 persuadeant
660 2663 771 2726 Deum
787 2683 869 2740 esse,
892 2667 990 2745 quarn
1007 2666 1138 2732 nullum

52 2755 158 2818 Deum
172 2773 255 2829 esse,
266 2758 301 2815 et
315 2749 358 2814 ad
373 2750 499 2834 lapides
514 2767 555 2814 ac
564 2749 655 2832 ligna
666 2769 700 2812 se
712 2751 822 2832 potius
833 2748 1012 2814 demittant
1026 2771 1139 2838 super-

51 2840 168 2904 bissimi
185 2837 353 2914 mortales,
375 2839 474 2918 quim
489 2841 526 2898 ut
540 2838 630 2898 omni
647 2842 783 2900 careant
795 2839 942 2906 numine,
1203 2851 1206 2859 ¹

90 2927 174 2998 Qum
197 2929 247 2989 cst
261 2941 355 3008 geos,
377 2925 424 2986 ait
441 2921 590 2986 Velleius
613 2921 703 3004 apud
721 2922 828 2985 Cicer.
846 2928 906 2986 out
919 2925 1008 3005 quod
1028 2944 1138 3010 genus

49 3010 222 3086 bominum,
243 3011 330 3092 quod
352 3027 419 3072 noo
442 3008 560 3072 lrabeat
583 3009 658 3070 sine
680 3010 836 3072 doctrino
858 3011 1137 3089 anticipationem

48 3097 215 3181 quondum
234 3102 380 3172 morum,
402 3098 456 3169 irc.
501 3092 625 3173 Dequo
636 3097 746 3156 actem
760 3093 907 3156 cranium
920 3099 1046 3156 cataro
1061 3115 1136 3159 con·

48 3185 156 3260 sentit,
178 3183 217 3246 id
228 3197 344 3246 oerum
355 3199 425 3243 esec
439 3195 569 3242 necesse
583 3181 642 3240 eet.
687 3177 728 3238 Si
744 3183 868 3239 terram
879 3196 1072 3257 percurras,
1088 3185 1137 3244 ait

50 3269 258 3342 Plutarchus,
272 3269 367 3344 forte
381 3265 576 3328 obmvobia
597 3261 695 3326 urbes
717 3265 792 3326 sinc
810 3263 982 3339 moenibus,
1004 3267 1079 3328 sine
1093 3269 1135 3330 li·

47 3358 136 3431 terr's,
156 3355 320 3418 mocimoe
330 3353 481 3416 inscitie
496 3351 696 3422 tremerem,-
726 3347 846 3412 Verum
860 3350 958 3411 nullo
972 3349 1068 3414 nobis
1083 3353 1135 3416 ci·

48 3441 184 3518 debitur,
205 3459 282 3522 quea
298 3439 407 3502 Deum
420 3456 487 3500 aon
502 3438 627 3500 adoret.
673 3434 772 3504 Quod
788 3435 827 3511 si,
849 3441 887 3497 ut
902 3436 921 3495 ὁ
937 3435 1134 3515 quibusdam

47 3531 209 3602 asseritur,
231 3523 383 3588 nonnulli
399 3525 603 3605 reperiantur
620 3521 746 3605 populi,
767 3519 858 3604 apud
879 3540 961 3603 quos
977 3522 1070 3584 nulla
1087 3543 1136 3587 re·

47 3613 172 3695 ligionis
181 3615 365 3680 cernuntur
375 3609 529 3690 vestigia3
550 3627 616 3670 non
627 3610 746 3672 mirum
759 3606 862 3670 videri
874 3606 974 3670 debet
984 3607 1134 3671 homines

45 3698 209 3773 barbaros,
231 3698 289 3781 qui
315 3696 493 3758 humanam
510 3693 755 3775 quodammodo
776 3699 929 3756 naturam
956 3703 1134 3772 exuerunt,

44 3791 74 3847 et
90 3784 270 3848 belluinam
287 3779 459 3866 'quandam
485 3781 666 3844 induerunt
688 3780 863 3854 feritatem,
886 3779 919 3840 id
943 3779 1134 3859 perdidisse,

44 3867 129 3953 quod
153 3870 296 3932 bominis
321 3870 492 3951 proprium
508 3871 568 3929 est.
626 3865 703 3927 Sine
718 3866 890 3927 intellectu
906 3864 999 3926 nulla
1014 3863 1056 3926 de
1072 3885 1133 3927 nu·

42 3961 127 4020 mine
142 3958 269 4040 opinio,
283 3953 396 4017 nullus
411 3953 579 4034 religionis
590 3969 704 4014 sensus
716 3957 776 4013 est.
822 3951 940 4031 Itaque
956 3953 988 4010 in
1007 3946 1132 4014 belluas

41 4062 77 4105 ea
92 4061 144 4106 res
159 4059 227 4105 non
243 4041 346 4117 cadit,
367 4058 406 4104 ac
423 4042 522 4124 pcrrd
537 4038 601 4102 illis
617 4056 684 4102 non
696 4037 862 4112 convenit,
886 4035 987 4117 quiin
1005 4025 1130 4102 belluas

40 4129 105 4193 lere
116 4129 284 4192 abierunt.

78 4213 143 4280 IX.
173 4209 340 4278 Ultimum
367 4209 503 4276 tandm
533 4211 601 4293 peti
631 4211 752 4291 potest,
783 4226 826 4269 ex
856 4207 1063 4270 conscientie
1096 4213 1128 4272 ri

6 4361 7 4366 ,
38 4308 135 4386 atque
148 4300 298 4378 stimulo,
319 4297 463 4376 sceleris,
485 4297 538 4362 sel
557 4297 690 4379 patrati,
712 4293 766 4358 rel
780 4291 934 4378 patrandi
959 4293 1129 4358 indivulso
