2994 4996
11 467 12 496 ᾧ
84 506 228 597 σαμε]
478 519 765 583 arcamarcaa.
1099 511 1166 587 ili

81 680 125 744 ad
137 679 171 744 id
180 679 252 746 eolo
263 681 365 746 verbo
376 690 533 764 uteretur,
545 687 631 772 quod
648 689 681 750 in
696 687 877 772 Evangelio
891 679 1048 754 denotare
1059 689 1166 753 voluit

82 767 150 843 ille,
172 771 229 850 qui
257 767 426 834 Christum
456 774 503 834 aic
529 774 764 856 compellabat:
796 773 863 838 Dic
888 775 1073 839 tantumodo
1093 794 1166 840 ucr-

82 851 171 928 tum,
191 857 224 917 ei
236 873 353 919 aarum
367 874 459 920 marre
472 858 659 921 sanctitur.
704 858 737 920 N
740 877 793 922 am
809 862 835 922 si
851 860 933 923 nihil
954 861 1044 923 aliud
1061 861 1167 924 voluit

82 936 204 1013 Marce,
226 958 286 1001 cur
301 942 402 1003 tantis
422 943 618 1024 ambagibus
634 941 759 1006 utitur?
805 943 958 1006 Coraca
982 965 1049 1008 uno
1065 948 1166 1010 verbo

11 1041 12 1112 ἦ
82 1021 168 1085 dixit
183 1025 295 1087 omnia
305 1026 376 1088 solo
391 1029 634 1108 numinianum
650 1025 760 1091 tacta?
799 1028 869 1090 Cur
884 1029 917 1091 id
932 1031 1032 1094 semei
1045 1038 1105 1093 ant
1116 1031 1166 1094 bin

80 1106 204 1174 dixisse
227 1129 292 1172 non
309 1117 484 1174 contentus
499 1120 567 1178 tam
593 1120 677 1196 sepe
692 1111 845 1195 repetiit?
864 1113 1023 1178 'Proiecto
1042 1117 1067 1177 si
1094 1115 1166 1178 nul·

81 1191 150 1256 lom
164 1203 216 1257 est
232 1197 265 1258 in
280 1213 320 1258 ea
332 1201 518 1261 narratione
532 1204 657 1280 portem,
667 1199 827 1280 trequene
834 1199 985 1282 ejusdem
1002 1202 1048 1264 rei
1063 1201 1167 1262 incut-

79 1281 168 1342 catio
184 1280 321 1344 terenda
335 1301 401 1344 non
416 1284 592 1346 rideretur.
637 1283 744 1351 Quale
758 1291 869 1348 antem
884 1286 926 1346 ait
947 1283 1029 1347 illud
1045 1291 1167 1370 myrte-

82 1366 165 1426 rinm
180 1367 328 1449 explicat
347 1367 526 1432 iohannes.
572 1369 690 1436 Quoad
715 1369 872 1450 Spiritum
889 1369 1045 1434 Sanctam
1072 1377 1166 1517 patet

80 1468 120 1511 ex
133 1470 231 1514 versu
247 1452 391 1516 recondo
406 1453 449 1516 ad
464 1455 664 1518 creationem
680 1474 811 1537 quoqne
821 1457 1036 1532 concurrisse,
1050 1475 1071 1518 ιι
1096 1455 1165 1518 idi·

79 1535 163 1598 citur
177 1536 346 1624 Spiritum
356 1539 494 1603 Domini
507 1539 694 1604 rammam
704 1542 811 1626 aputu,
823 1539 869 1602 ‘de
879 1545 979 1603 vento
994 1543 1081 1602 enim
1095 1541 1165 1602 hrec

78 1621 245 1702 explicare
258 1625 354 1686 nimis
364 1624 583 1706 trigidum'eat
590 1634 628 1689 et
638 1625 803 1707 jejunum.
825 1625 890 1710 JEo
900 1627 987 1688 enim
1004 1632 1163 1708 tempore,

76 1723 187 1788 neque
212 1706 293 1770 dam
318 1717 374 1772 aar
393 1716 475 1784 erat,
492 1729 604 1792 oeque
629 1730 704 1773 vere
719 1710 798 1776 -ulla
822 1709 1000 1786 exhalatio,
1022 1727 1093 1792 qua
1109 1710 1163 1772 vei

75 1798 318 1880 tuopte-motu,
334 1793 393 1858 -ael
406 1795 541 1858 aliunde
557 1795 696 1878 impulsa
716 1805 823 1856 acrem
844 1798 993 1875 agitaret.
1038 1797 1069 1858 3.
1093 1795 1163 1856 Ob·

75 1893 330 1950 commarcam
341 1878 1164 1961 ntundocreatomsuissetempu,quodniirilaliud

73 1969 125 2024 -ect
146 1966 248 2046 qudm
264 1963 395 2028 duratio
418 1967 463 2029 rei
479 1973 607 2040 create,
630 1975 690 2028 aut
705 1965 821 2028 modus
837 1963 1015 2046 cogitandi,
1037 1983 1101 2046 quo
1116 1966 1163 2027 rei

16 2073 21 2084 ·
73 2055 197 2110 ereata
211 2048 420 2114 durationem
437 2069 683 2128 mensuramus3
706 2049 793 2112 unde
808 2055 886 2112 aute
901 2067 1009 2112 rerum
1026 2051 1165 2112 creatio»

77 2149 167 2208 aem,
188 2151 231 2196 ne
251 2137 382 2220 concipi
405 2135 538 2220 quidem
565 2141 673 2219 potest
698 2136 797 2197 tuisse
823 2140 964 2216 tempus,
995 2137 1072 2198 crim
1094 2151 1163 2197 non

77 2221 182 2300 magia
191 2219 398 2284 durationem
410 2224 480 2284 sine
491 2225 648 2302 creaturis
657 2219 871 2285 existentibus
881 2221 1053 2304 imaginari
1063 2221 1165 2304 poeai-

74 2321 162 2382 mue,
184 2308 282 2388 quam
297 2308 441 2390 spatium
456 2309 525 2370 sine
540 2327 688 2391 corpore.

115 2387 200 2454 xri.
224 2391 263 2454 In
279 2387 346 2474 qut
358 2391 485 2456 zodiaci
500 2399 593 2476 parte
615 2393 672 2456 Sol
686 2395 720 2455 in
742 2393 904 2475 principio
922 2409 1034 2454 reram
1049 2394 1070 2454 d
1085 2391 1162 2456 Deo

76 2479 276 2540 constitutur
291 2477 400 2554 suerit,
422 2483 455 2541 et
467 2483 550 2560 quot
565 2480 642 2543 anni
654 2477 840 2542 effluxerint
854 2495 876 2537 a
886 2475 1053 2539 creatione
1069 2493 1163 2539 mun·

75 2559 118 2638 di,
137 2562 356 2646 relinquimur
367 2562 589 2646 chronologis.

115 2645 631 2712 x111.}1aeetamnmaddmus.
660 2644 983 2710 ‘LRidicnlostuisae
993 2643 1163 2726 Hebraeae,

75 2733 126 2812 qui
140 2728 311 2814 non-aliie,
328 2725 493 2818 quiquui
502 2732 546 2796 ad
557 2733 662 2797 atatis
675 2738 756 2814 iupa
768 2735 1002 2816 pervenissent,
1018 2730 1161 2800 historia

75 2821 252 2882 creationis
276 2817 451 2884 lectionem
466 2818 719 2903 permittebant3
741 2817 805 2882 illie
830 2821 908 2882 verri
931 2819 988 2902 qui
1012 2819 1160 2884 nondum

75 2916 199 2975 eunom
215 2903 463 2980 sacerdotalem,
486 2905 549 2967 hoo
568 2911 618 2968 est
632 2907 737 2968 aetatis
753 2905 954 2987 trigesimum
970 2907 1163 2988 attigerant,

74 2988 326 3065 interdicebant,
342 2997 380 3053 ut
390 2997 425 3053 et
434 2991 563 3052 initium
575 2996 609 3051 et
619 2989 716 3052 tinem
728 2989 921 3064 Ezechielis,
936 2995 969 3052 et
982 2990 1163 3060 Canticum

78 3069 305 3138 Canticornm.
348 3073 379 3138 2.
403 3073 681 3158 Unumquemque
708 3071 934 3135 Christianum
958 3070 1162 3160 debere(l.)

77 3157 156 3224 11ae0
181 3163 304 3224 eximia
329 3161 394 3225 Dei
419 3177 521 3242 opera
546 3157 763 3240 perpendere:
788 3157 939 3220 Attolttte
962 3159 1000 3220 ia
1023 3157 1162 3225 aalma

77 3248 186 3312 οιιιὶω
200 3250 337 3324 umtrou,
358 3249 391 3310 ct
414 3245 522 3310 videte
534 3245 611 3326 quic
631 3245 701 3306 iata
715 3241 851 3322 feccrit.
875 3241 1045 3308 1r.11.26.
1091 3247 1161 3328 (2.)

78 3328 137 3394 Per
151 3349 196 3396 ea
210 3331 313 3395 veluti
340 3339 484 3396 erectam
499 3329 620 3393 aculam
638 3328 681 3392 ad
697 3327 807 3391 Deum
823 3324 1011 3411 accendere,
1032 3348 1072 3393 ao
1087 3333 1160 3416 ejus

78 3418 217 3482 virtutes
243 3412 374 3494 mirari3
402 3417 587 3501 potantium
613 3416 816 3491 immensam,
848 3411 891 3476 ad
922 3413 1018 3498 cujus
1042 3425 1160 3498 nutum

78 3507 189 3567 omnia
203 3502 413 3586 prodierunt;
438 3502 615 3565 bonitatem
629 3499 811 3581 infinitum,
833 3499 887 3562 cui
903 3499 963 3562 soli
980 3505 1091 3564 omnia
1104 3503 1163 3569 de·

76 3585 155 3652 beot
170 3593 343 3664 creatore,
362 3609 404 3654 aa
430 3589 571 3653 icatium
590 3586 839 3662 admirandam,
862 3604 933 3667 qua
947 3585 1076 3668 singula
1091 3592 1160 3652 tarn

74 3675 243 3738 concinno
254 3673 369 3738 ordine
407 3674 553 3757 inposuit.
590 3670 697 3744 Quum
711 3671 856 3754 rcepicr'o
867 3673 977 3747 coctae,
993 3672 1165 3754 inquiebat

79 3756 203 3836 David,
235 3779 319 3842 opat
343 3765 474 3842 tuorum
497 3759 703 3840 digitorumr
736 3759 851 3821 lunum
874 3759 907 3820 et
930 3757 1048 3820 ctetica
1076 3775 1162 3839 quoa

78 3845 251 3918 motuum
272 3846 439 3916 auctum
461 3843 770 3928 miracimmum,
784 3841 871 3924 quod
884 3843 936 3904 oia
949 3859 1069 3906 memor
1078 3847 1162 3925 aar.

67 3929 131 3998 ur.
146 3931 215 3996 viii.
228 3931 260 4006 4,
276 3932 306 3993 5.
353 3932 459 4003 Qudm
473 3927 590 4011 ampla
603 3931 682 3992 eunt
696 3945 797 4010 opera
811 3931 882 4004 tac,
904 3923 1044 4006 remon,
1065 3931 1162 4012 quum

73 4014 437 4102 maopimtarsrcr'rti.
460 4015 513 4081 Pa.
527 4015 591 4083 civ.
606 4011 659 4078 24.

1400 3841 1415 3882 Ι
