2994 4996
53 421 175 530 tuptl'
324 455 466 512 nanno
487 463 560 514 ouo
582 461 628 513 ne
648 451 769 512 natac.
840 381 848 414 κ
1047 447 1091 511 'tt

50 615 195 696 pmireia.
236 615 264 678 2.
288 615 438 680 Sumitur
462 623 595 686 veritae
616 636 676 702 pro
691 617 748 682 ille
762 617 896 694 virtute,
916 636 984 700 qna
999 617 1093 684 Deae

52 705 290 781 rtatsernpereuie
303 707 485 786 promissis;
508 717 544 770 ut
563 708 649 771 Rom
670 705 769 768 xv.8.
815 703 865 767 Ea
877 703 1094 768 contunditur

53 787 274 866 considetircta
295 808 362 871 qna
381 791 483 870 Deua,
505 793 537 856 id
561 791 648 876 qood
671 789 767 864 dixit,
789 799 848 851 aut
863 794 1022 872 promisit,
1036 811 1093 854 ex·

53 891 157 951 morior.
201 871 249 936 De
275 893 315 937 ea
341 876 490 958 loquitur
517 871 639 944 Paulus
673 873 878 938 ttetzae.
901 874 1020 956 fidelia
1042 879 1095 942 oet

53 953 125 1020 lirae.
164 958 177 1021 l
194 956 269 1024 Cor.
284 979 319 1024 x.
334 961 388 1026 28.
422 965 652 1038 attellanam,
668 959 774 1024 idoli.
789 963 808 1024 i.
828 963 859 1025 9.

411 1143 691 1189 Ἣ

427 1289 583 1359 CAPUT
607 1291 668 1357 lx,

86 1477 340 1552 nummum,
362 1483 595 1559 congerminat,
617 1483 1044 1548 PatmtuetSewttauDet
1075 1495 1078 1500 ·

82 1635 100 1698 l.
123 1638 268 1719 Verane,
290 1662 363 1726 quer
380 1663 501 1724 parnas,
517 1662 596 1725 quas
612 1645 719 1708 meriti
731 1663 855 1718 sumus,
870 1644 1095 1723 moderantur,

53 1729 165 1799 mim
178 1731 240 1790 sire
257 1756 302 1790 m
315 1737 411 1808 χςπῢ,
434 1730 468 1792 id
483 1741 532 1792 est
546 1729 779 1813 benignitatis,
799 1729 891 1808 ἀνοχῆς
905 1732 1097 1810 patientiae,

51 1810 188 1891 water
211 1815 480 1895 'cngcritmirctie
506 1817 675 1878 vocabulis
690 1817 921 1895 exprimuntur
937 1819 970 1878 in
986 1817 1095 1899 Scrip·

55 1894 112 1956 turi.
149 1897 213 1962 Nec
224 1901 359 1982 justitia
376 1901 424 1962 hie
437 1901 613 1962 virtutibus
635 1899 772 1962 adversa
794 1903 863 1978 θείς
895 1919 937 1962 ex
953 1920 994 1963 eo
1007 1904 1097 1966 enim

54 1979 112 2056 quid
133 1989 310 2048 necessario
336 1989 451 2066 puniat
480 1985 581 2051 Deus,
603 2004 669 2048 uon
695 1986 845 2067 sequitur
870 1992 992 2060 tamem
1018 2006 1097 2052 aum

54 2073 195 2132 necessario
209 2073 329 2154 punire
342 2089 470 2152 semper
485 2073 645 2154 quantem
670 2079 790 2154 potest,
811 2075 845 2133 et
860 2075 968 2134 statim
985 2091 1026 2136 ac
1041 2093 1100 2156 po·

53 2153 103 2224 tert,
119 2161 215 2218 autin
231 2159 339 2240 ipsum
358 2163 565 2238 peccatorem
582 2176 711 2240 semper
725 2155 998 2220 animadvertere.

79 2233 112 2298 ll.
133 2239 184 2304 lle
195 2261 313 2306 omnes
328 2243 466 2304 virtutae
480 2241 523 2304 ad
538 2243 621 2306 dnae
637 2242 834 2319 referuntur,
849 2240 892 2305 ad
906 2241 1099 2320 Mcmuetu·

51 2316 127 2386 it'uem
141 2326 210 2400 Dei.
231 2340 269 2392 et
285 2327 354 2408 ejus
370 2329 682 2412 longanimitatem.

80 2407 127 2470 lll.
147 2411 436 2477 Mansuetudinem
453 2413 516 2476 Dei
532 2415 632 2477 docet
648 2413 830 2498 Scriptura,
851 2433 954 2496 quum
970 2414 1101 2496 probat,

55 2487 71 2550 l·
89 2491 177 2560 Deum
194 2517 324 2582 pmnam
342 2519 409 2563 non
431 2498 572 2562 libenter
592 2501 736 2580 exigere.
758 2511 791 2562 et
807 2502 1012 2582 punitionem
1028 2519 1099 2563 eece

54 2571 182 2664 Deiopea
201 2587 360 2651 alienum.
407 2585 509 2648 isaias
524 2585 638 2648 xxviii.
655 2583 706 2648 21.
750 2585 781 2646 2.
805 2585 1013 2648 Gravitatem
1030 2603 1100 2648 cas-

54 2661 208 2738 tigationum
224 2690 294 2734 non
312 2670 509 2754 respondere
530 2672 689 2736 scelerum
707 2669 926 2752 magnitudini
964 2669 1018 2734 Pe.
1033 2671 1101 2735 ciii.

55 2743 85 2805 10Ι
117 2754 143 2816 9.
164 2753 310 2825 Facilem
327 2775 397 2819 esee
411 2756 454 2819 ed
470 2756 718 2840 ignoscendum,
740 2765 774 2820 et
789 2757 871 2820 iram
886 2756 984 2821 tacite
997 2755 1100 2842 dape·

53 2846 105 2894 uere
148 2839 211 2904 ier.
226 2843 319 2906 xviii.
337 2842 368 2906 7.
380 2845 410 2906 8.
424 2843 455 2906 9.

79 2917 124 2983 Ν.
144 2925 401 3012 longanimitas
424 2928 488 2992 Dei
504 2936 554 2991 eat
570 2928 641 3010 ejus
656 2927 875 2992 mansuetudo
890 2927 948 2992 din
965 2927 1102 3004 durana,

51 3001 96 3064 tire
108 3009 198 3096 triga
214 3013 284 3076 Dei
293 3015 476 3094 patientia,
499 3011 563 3094 qut
578 3013 690 3074 tardus
705 3021 755 3076 est
770 3013 812 3074 ad
829 3011 1043 3095 puniendum,
1058 3031 1100 3078 ac

51 3105 146 3166 loessttn
162 3104 374 3180 promeritam
390 3098 448 3160 diu
471 3096 651 3180 suspendit,
673 3103 708 3159 et
726 3103 917 3180 peccatores
931 3099 1029 3158 variis
1046 3097 1099 3159 be·

50 3175 141 3241 neiciie
163 3183 206 3246 ad
233 3185 461 3266 peonitentiam
488 3190 597 3246 vocat.
650 3179 748 3244 Rom.
765 3183 797 3243 ii.
813 3183 843 3242 4.
881 3180 990 3245 aret.
1006 3183 1040 3244 iii
1068 3183 1099 3247 9.

50 3254 122 3324 inies
134 3267 221 3333 xlviii
250 3273 282 3334 9.
329 3269 411 3350 Ejus
435 3267 562 3332 illustre
588 3267 775 3350 exemplum
801 3265 893 3330 dedit
917 3266 1101 3352 Deueerga

49 3347 116 3421 primi
132 3355 240 3418 mnndi
258 3355 396 3430 incolae,
416 3373 500 3438 quoe
513 3373 570 3436 per
590 3353 658 3417 120.
673 3371 778 3416 annos
793 3352 956 3414 tolerarit.

78 3429 111 3494 V.
125 3435 198 3502 Non
209 3445 341 3506 tantum
354 3441 612 3522 longanimitatis
625 3439 687 3502 Dei
700 3448 735 3502 et
746 3439 815 3520 ejus
828 3437 1101 3517 mansuetudinis,

48 3515 127 3580 sedet
138 3529 331 3590 severitatis
349 3528 497 3588 meminit
512 3525 690 3608 Scriptura.
736 3520 846 3586 Vocat
860 3543 933 3587 eam
958 3522 1102 3606 &mpla

50 3597 120 3666 Rom.
131 3612 172 3672 xi.
189 3611 232 3674 22
262 3631 318 3694 per
327 3611 553 3692 metaphoram
567 3610 774 3694 desumptam
788 3609 832 3672 ab
847 3611 885 3672 iis
900 3611 958 3692 qni
972 3612 1102 3675 abscin-

46 3683 108 3750 dunt
121 3695 251 3760 inutiles
267 3716 376 3760 ramos
389 3715 431 3760 ex
446 3697 573 3760 arbore.

76 3771 122 3838 Vl.
146 3779 227 3846 Bam
244 3785 452 3846 severitatem
470 3782 563 3846 Dece
578 3785 726 3856 exercet3
752 3781 780 3844 l.
804 3781 842 3842 ln
857 3801 924 3854 eoa,
940 3801 1023 3863 quoe
1040 3801 1102 3863 pro

45 3851 268 3942 longanimitate
278 3886 338 3929 ena
349 3867 407 3930 diu
419 3867 583 3942 toleravit,
599 3874 635 3928 ut
646 3869 678 3928 in
692 3869 850 3949 poputum
867 3867 1101 3931 larattitr'cum.
1200 3871 1204 3880 '

45 3939 64 3999 2·
86 3945 114 4009 ln
135 3971 199 4022 eoa,
245 3955 277 4016 ui
305 3955 429 4034 ingenti
457 3952 614 4016 beneficio
639 3953 660 4014 i
687 3953 760 4014 Deo
775 3953 884 4015 allecti
900 3959 988 4026 sunt,
1014 3955 1101 4016 utin
1214 4015 1218 4018 .

45 4045 150 4098 teoren
164 3974 265 4102 lorii
287 4039 441 4102 eductam
457 4057 499 4102 ex
524 4035 689 4111 incendio,
711 4039 743 4098 in
772 4035 895 4102 Nadab
917 4041 952 4100 et
978 4035 1100 4115 Atr'ta,

46 4129 108 4191 quoe
130 4120 218 4188 Deus
243 4125 367 4188 honore
393 4123 566 4188 sacerdotii
593 4123 747 4205 dignatus
763 4123 879 4184 tuerat.
924 4123 955 4185 9.
979 4122 1102 4202 ineos,

45 4205 80 4278 tui
95 4209 155 4271 tale
170 4219 346 4293 peccatum
358 4211 605 4286 commiserunt,
621 4207 706 4292 quod
722 4208 818 4272 facile
829 4209 944 4272 evitari
960 4217 1102 4293 poterat,

44 4293 65 4348 et
80 4293 164 4375 quod
184 4297 263 4362 aliie
282 4297 472 4385 exemplum
492 4293 655 4378 imitandi,
675 4297 812 4362 noxium
833 4293 939 4373 valde,
959 4296 1104 4380 prebere
