3000 4998
86 529 254 618 capta]
490 545 779 600 usussussuosu.
1113 535 1177 601 24⁸

82 705 172 768 euim
188 703 253 768 init
276 703 311 767 in
335 719 454 788 ugone,
475 709 511 768 et
526 723 673 770 summus
699 705 763 769 luit
778 705 850 788 ejus
874 705 989 770 anime
1004 725 1121 791 angor,
1144 711 1179 772 et

83 789 221 873 quidem
238 788 324 864 tulis,
347 797 384 852 ut
404 791 621 872 sanguineum
648 790 801 855 sudorem
828 809 870 854 ex
884 791 956 874 ejus
970 811 1108 877 corpore
1122 811 1180 858 ex·

81 877 249 958 presseris.
294 873 393 943 Quod
419 879 571 958 contigit,
604 877 672 940 sive
697 880 775 960 quia
799 879 933 940 tristitia
958 895 1085 943 summu
1109 897 1179 942 uon

80 964 217 1024 tantum
231 959 341 1024 cordis
363 977 442 1024 rasa
459 963 583 1044 msjosa
605 965 816 1038 constrinxit,
847 962 903 1026 sed
929 965 1030 1026 etiam
1051 967 1180 1028 miuors

79 1046 220 1110 sasouls
234 1063 393 1110 senarum
407 1046 450 1110 ad
466 1048 709 1111 extremitatem
725 1052 810 1112 cutis
826 1049 1059 1132 pertingentia,
1080 1055 1118 1111 ut
1132 1049 1180 1114 siu
1321 1059 1326 1068 '

78 1133 1028 1304 tlt5‘3323tltlttffl325‘llt‘nlit‘iiiii
1043 1139 1182 1283 iiiii

82 1301 247 1368 liberandi
268 1303 476 1380 desiderium,
498 1321 578 1368 susa
600 1303 709 1368 cordis
722 1313 757 1369 et
771 1323 873 1368 senas
894 1305 1069 1382 dilstsbat,
1092 1301 1181 1368 unde

80 1391 259 1453 aautssriis
274 1391 344 1452 istis
359 1391 503 1453 motibus
518 1392 629 1474 potuit
647 1390 727 1468 fleri,
749 1397 788 1454 ut
803 1393 936 1474 sanguis
951 1397 971 1454 e
985 1389 1180 1454 minusculis

82 1477 179 1538 suuis
194 1475 352 1540 elllueret
396 1475 547 1539 Tristitia
559 1494 694 1560 qnoque
710 1476 779 1542 baro
790 1477 952 1560 expressit
973 1475 1032 1540 bas
1054 1493 1182 1558 preces,

81 1561 116 1623 ιι·
129 1561 294 1642 possibile
312 1567 370 1637 esi,
391 1564 575 1626 trunmutct
589 1581 639 1626 mo
649 1565 809 1645 poculum
823 1563 891 1638 loc,
912 1563 972 1626 ssd
982 1581 1048 1625 non
1062 1565 1102 1625 ssi
1115 1577 1178 1645 ego

81 1647 164 1719 stulu,
185 1647 246 1710 aad
257 1651 295 1712 ut
310 1651 421 1713 tuuis.
447 1647 572 1711 Mattb.
588 1651 678 1712 xxvi.
694 1649 747 1712 89.
793 1647 904 1731 Hujus
918 1654 1030 1712 antem
1046 1647 1180 1729 angoris

80 1749 183 1796 eausa
207 1733 281 1808 luit,
303 1751 369 1798 uon
396 1738 526 1797 tantrlm
550 1741 658 1820 metus
677 1735 838 1797 naturalis
863 1735 989 1810 mortis,
1021 1733 1180 1796 sibenin

81 1817 197 1882 multis
222 1819 424 1905 martyribus
439 1821 598 1883 infirmior
613 1821 741 1896 luisset,
763 1817 822 1883 sed
849 1825 884 1882 st
906 1837 1020 1882 seusus
1042 1817 1182 1899 justitias

84 1901 160 1980 Dei,
181 1906 287 1988 quiin
304 1905 376 1988 ejus
391 1907 548 1981 animam,
571 1905 671 1969 modo
683 1905 780 1969 uobis
795 1903 1034 1988 inexplicabili,
1046 1901 1181 1984 agebat.

81 1987 113 2052 b.
135 1989 221 2053 Alius
245 1995 411 2074 passiones
428 1993 578 2076 proxime
599 1995 739 2056 mortem
753 1995 1002 2072 precesserunt,
1024 1993 1061 2052 ut
1075 2003 1181 2070 quum

79 2087 330 2140 namnetum
348 2076 473 2140 Christi
498 2095 620 2140 nomeu
646 2076 775 2162 probris
789 2093 958 2158 aspersum
981 2074 1055 2148 luit,
1077 2075 1182 2154 eaput

77 2162 184 2244 spinis
202 2162 382 2227 isocratam
399 2168 433 2226 et
447 2163 583 2226 cummis
598 2181 801 2248 percussum,
823 2161 924 2224 saules
939 2161 1044 2244 sputis
1055 2155 1181 2222 ludats

74 2253 113 2309 et
128 2247 235 2330 alspis
245 2258 397 2325 oontnss,
413 2249 525 2331 lingua
536 2251 589 2312 siti
599 2255 735 2332 perusta
745 2253 780 2311 et
794 2251 891 2310 noeto
902 2251 937 2309 et
952 2245 1029 2310 tells
1040 2243 1179 2320 inlecta,

76 2347 198 2396 suanus
212 2334 376 2416 pedesque
398 2334 501 2398 elusis
522 2335 688 2419 perlossm,
710 2333 874 2416 reliquum
891 2349 1013 2416 corpus
1027 2331 1115 2394 inter
1130 2327 1179 2392 lu·

75 2421 192 2480 trenes
214 2420 248 2480 in
273 2435 375 2481 oruoe
398 2417 591 2482 distentum.
638 2421 676 2483 ὃ.
699 2418 738 2481 in
754 2419 819 2480 illis
841 2417 1048 2500 passionibus
1062 2429 1179 2478 omues

75 2503 220 2566 uirtutes
232 2504 396 2586 expliouit
412 2503 577 2573 cbristus,
597 2520 766 2564 summum
781 2519 866 2582 erga
890 2501 1003 2564 Denm
1017 2517 1179 2574 amorem,

73 2605 242 2652 summam
257 2587 510 2650 submissionem
531 2583 766 2657 Providentia,
789 2601 956 2646 summum
980 2583 1179 2648 desiderium

74 2689 142 2738 sno
158 2691 297 2737 munere
321 2669 493 2752 iungendi,
516 2685 679 2733 summam
702 2670 736 2731 in
751 2667 884 2732 Patrem
899 2667 1067 2746 fiduciam,
1088 2686 1181 2732 sum·

75 2777 171 2823 urum
183 2775 264 2842 erga
275 2767 450 2840 peceatum
465 2753 591 2832 odium,
606 2771 772 2822 summum
785 2773 864 2838 erga
875 2773 980 2838 genus
992 2754 1178 2818 homonum

70 2860 239 2918 amorem,
261 2857 423 2906 summam
439 2843 644 2925 potientium.
682 2841 713 2904 7.
731 2841 902 2905 Passiones
918 2839 1043 2904 Cbristi
1059 2859 1177 2904 omues

73 2928 175 2995 ruere
198 2928 435 3002 satisfactoria,
456 2945 523 2990 non
539 2947 585 2990 em
600 2929 744 3004 tautum,
765 2945 844 3010 quas
863 2926 1037 2990 triburium
1058 2927 1179 2994 obsun-

76 3015 221 3078 rationls
243 3011 359 3075 solaris
378 3013 546 3088 sustinuit,
568 3011 649 3074 dum
664 3017 736 3074 erat
756 3013 791 3072 iu
806 3029 918 3086 eruce,
939 3017 973 3074 et
993 3018 1177 3094 antequam

78 3103 228 3164 animm
254 3097 392 3174 elllaset,
413 3096 470 3160 sed
490 3117 547 3172 ers,
566 3113 652 3180 quas
667 3096 687 3157 i
701 3094 882 3178 primordio
901 3097 977 3158 situ
990 3095 1035 3158 sd
1056 3094 1178 3158 dirissi-

78 3203 168 3250 mam
190 3203 325 3249 oruoem
349 3185 543 3266 pussusest
587 3181 667 3244 illas
689 3183 776 3260 enim
791 3198 859 3242 uon
880 3181 990 3262 potuit
1011 3181 1092 3264 pati,
1114 3181 1178 3246 uisi

100 3279 242 3335 uateuus
264 3258 423 3354 sp'ousor:
455 3285 529 3331 uam
556 3267 583 3331 si
610 3269 820 3352 sponsionem
846 3284 914 3329 nou
940 3283 1177 3348 supponamus,

76 3289 236 3420 zanetus
258 3355 357 3420 aliter
380 3353 583 3418 considerari
606 3371 631 3416 u
674 3354 735 3430 uit,
757 3354 857 3435 quim
886 3354 924 3415 nt
949 3351 1119 3431 inuuoeus,
1140 3357 1177 3418 et

81 3443 230 3528 periente
240 3447 386 3516 sanetas,
408 3443 463 3523 qni
479 3441 549 3524 puti
564 3457 631 3503 nou
670 3439 772 3504 ebuit.

123 3525 190 3594 tlt.
223 3527 302 3591 Nou
328 3529 458 3592 tantum
484 3544 597 3610 passus
624 3531 685 3601 est,
721 3523 784 3588 sed
810 3530 848 3588 et
877 3529 1039 3587 mortuus.
1084 3521 1177 3588 Muri

80 3611 210 3690 debuit,
229 3615 309 3698 qais
322 3613 614 3676 aliassatistauere
630 3611 767 3696 justitie
788 3630 854 3673 uon
874 3615 1026 3694 poterat;
1044 3609 1177 3691 justitia

74 3695 1177 3866 trittremissibiliiiiitlitttliztltit·

255 3835 261 3847 ¹
451 3831 461 3860 s
1165 3825 1176 3856 s

80 3889 144 3936 use
168 3877 345 3954 peecatum
368 3870 485 3934 melite
505 3875 637 3953 poterat
655 3869 796 3954 expleri,
816 3871 917 3950 quim
938 3886 998 3952 per
1011 3883 1174 3932 surumarn

78 3961 240 4022 ereatura
262 3953 533 4031 emunitionem,
556 3955 662 4036 qnalis
684 3960 736 4018 est
757 3971 866 4030 mors3
892 3957 929 4014 at
951 3969 1010 4035 per
1032 3957 1173 4018 mortem

80 4059 154 4192 ἕω
171 4043 325 4107 Gbrlstus
338 4040 503 4107 destruxit
514 4057 605 4115 eum,
626 4041 683 4122 qni
698 4037 843 4102 bubebst
856 4039 1174 4122 imperiumruortis,

115 4129 167 4192 eb.
183 4129 218 4193 ii.
239 4129 288 4193 14.

123 4211 186 4278 tv.
204 4213 330 4280 Mirum
345 4209 450 4277 sideri
461 4227 529 4275 uun
540 4207 650 4286 debet,
664 4209 691 4272 si
702 4207 866 4294 supplicio
877 4208 984 4272 osuois
996 4212 1180 4288 moriaturr,

80 4305 221 4364 mensur
236 4317 312 4365 oum
331 4299 395 4363 Dei
410 4295 644 4362 maledictione
654 4295 870 4380 conjunctam
887 4313 1120 4374 merueramus,
1134 4303 1172 4360 at

77 4387 188 4454 erneis
210 4385 411 4473 snpplieium
425 4381 639 4455 minutorum
657 4389 749 4451 erat:
783 4381 836 4450 sel
856 4381 972 4476 saltem
996 4387 1055 4468 qui
1076 4379 1170 4449 osuoi
