3032 4998
71 369 165 454 cap.
180 364 239 454 lb]
495 385 543 436 ue
563 387 680 438 vanno
703 387 774 438 oar.

433 595 436 601 s
513 541 667 608 CAPUT
690 543 733 608 X.

68 715 115 769 Aa
130 713 314 788 uarqabpac
323 713 408 788 possit
420 721 499 771 actor
512 717 673 784 divinitatis,
694 734 755 791 quc
773 723 836 772 aaut
854 717 884 772 iri
908 716 1051 794 Scriptura
1061 735 1112 796 per
1125 737 1153 778 ta

311 795 463 868 intelligere
477 797 574 872 obsqroe
587 797 647 854 altu
659 815 710 874 ope
725 797 784 854 Dei
797 797 923 872 Spiritus.

116 959 145 1019 1.
171 955 364 1020 Hsc‘rertus
376 957 534 1021 evicimus
547 959 749 1044 Scripturam
767 979 836 1022 esse
846 958 1001 1037 divinam,
1013 967 1046 1024 et
1061 967 1158 1026 notas

72 1041 200 1106 babere
214 1041 397 1106 divinitatis
412 1046 608 1126 complures,
629 1065 670 1110 ac
686 1045 824 1128 proinde
838 1065 908 1107 esse
923 1048 1159 1124 authenticam,

74 1147 138 1189 nec
153 1131 198 1190 ab
213 1129 280 1190 alio
294 1133 526 1194 auctoritatem
543 1151 635 1194 suam
652 1133 796 1194 mutuari
813 1150 896 1213 opus
919 1131 1050 1196 babere.
1094 1133 1160 1196 Ve·
1289 1177 1295 1190 .

74 1219 148 1276 rum
175 1233 243 1275 uon
270 1215 523 1278 existimandum
549 1218 685 1279 estillas
711 1223 806 1278 notas
826 1217 868 1276 ab
890 1218 1042 1280 omuibus
1067 1215 1161 1300 posse

75 1299 217 1378 intelligi
239 1298 360 1384 absque
385 1320 449 1380 ope
471 1302 570 1377 illius,
593 1306 646 1383 qui
670 1303 728 1364 bas
743 1308 838 1362 notas
853 1305 1027 1382 impressit,
1049 1306 1159 1384 etqui

75 1387 314 1466 scripturarum
330 1384 459 1448 Auctor
474 1395 535 1462 est,
551 1388 689 1468 Spiritus
704 1387 815 1450 Sancti
831 1388 996 1460 nimirum,
1011 1386 1053 1450 de
1067 1391 1160 1469 cujus

77 1467 197 1532 uaturd
210 1477 247 1532 et
261 1473 507 1551 operationibus
524 1475 555 1532 iu
571 1473 782 1553 sequentibus
797 1473 859 1532 erit
874 1469 1063 1536 dicendum.

121 1555 166 1618 11.
192 1554 332 1623 Reverti,
354 1559 380 1617 si
397 1556 496 1618 homo
513 1556 646 1620 haberet
661 1559 775 1620 oculos
798 1559 916 1618 mentis
937 1564 1027 1636 seque
1049 1577 1159 1640 puros,

76 1657 116 1702 ac
141 1659 244 1721 qnam
271 1643 293 1702 d
320 1641 393 1702 Deo
419 1641 572 1706 conditus
598 1649 657 1716 est,
680 1643 750 1704 sola
766 1649 918 1704 nolarum
948 1649 1082 1706 istarum
1110 1645 1159 1706 in·

78 1727 203 1806 spectio
218 1725 383 1788 sufficeret
397 1727 440 1788 ad
452 1727 726 1809 persuadendum,
748 1727 926 1808 scripturas
941 1747 1010 1790 csse
1022 1727 1160 1804 divinas,

78 1817 136 1870 aut
161 1813 188 1872 ei
216 1811 316 1872 bomo
342 1813 376 1874 in
404 1813 499 1874 rebus
519 1812 637 1874 divinis
656 1818 751 1894 teque
767 1814 939 1893 perspicax
954 1819 1049 1888 esset,
1071 1832 1110 1875 ac
1126 1816 1160 1876 in

78 1895 243 1971 humanis,
263 1895 335 1958 sola
349 1897 525 1978 Scriptum
541 1898 639 1961 lectio
654 1897 696 1960 de
712 1899 784 1977 ejus
799 1895 971 1958 divinitate
986 1901 1160 1960 convince·

79 1991 147 2054 ret;
169 1979 227 2042 sed
244 1981 327 2043 adeo
342 2001 448 2044 caecus
463 1989 513 2044 est
530 1983 627 2046 bomo
643 1985 675 2044 in
693 1985 789 2044 rebus
804 1983 1038 2062 spiritualibus,
1061 1997 1095 2044 et
1110 1987 1161 2044 tot

77 2067 299 2148 praejudicatis
310 2068 519 2150 opinionibus
531 2069 668 2142 laboret,
686 2075 722 2130 ut
734 2069 916 2130 accessesit
928 2069 1075 2149 primam
1088 2073 1161 2152 ηἰιε

75 2155 206 2216 oculum
220 2155 354 2228 sanari,
375 2173 438 2233 quo
451 2157 559 2232 possit
575 2155 702 2216 intueri
716 2157 814 2220 sotem
835 2172 942 2226 suum,
967 2161 1003 2214 ut
1014 2153 1160 2236 loquitur

11 2239 12 2244 ’
76 2235 303 2318 Augustiana
336 2238 611 2320 quemadmodum
638 2259 726 2302 caeco
752 2258 819 2302 non
845 2243 923 2300 satis
951 2247 1013 2314 est,
1044 2245 1081 2302 ut
1108 2237 1159 2302 sol
1245 2309 1252 2324 ,

11 2349 12 2378 l
76 2325 231 2386 omnibus
250 2325 318 2386 suis
345 2322 442 2385 radiis
465 2324 577 2385 orbem
600 2325 751 2396 illustret,
773 2327 798 2385 si
821 2325 892 2406 ejus
914 2323 1054 2386 facultas
1070 2326 1159 2408 prius

77 2428 141 2472 uon
155 2414 304 2472 sanetur.
351 2407 446 2472 Unde
471 2415 522 2470 tot
543 2417 630 2481 sunt,
652 2410 771 2492 quibus
790 2411 842 2470 isti
859 2410 1076 2486 characteres,
1098 2411 1160 2472 etsi

78 2496 248 2558 multoties
262 2500 432 2578 propositi,
454 2494 600 2558 nondum
617 2495 822 2559 divinitatem
838 2493 1014 2578 Scriptura
1031 2513 1161 2578 persua·

80 2589 203 2646 serunt.

119 2667 185 2730 111.
209 2665 388 2734 Quomodo
413 2677 526 2738 autem
552 2673 691 2754 Spiritus
721 2673 814 2736 nobis
844 2671 930 2734 hauc
956 2669 1162 2732 divinitatem

81 2754 288 2834 persuadeat,
308 2754 481 2820 docebitur
495 2758 528 2820 in
544 2757 704 2822 Tractatu
716 2757 758 2822 de
772 2757 1006 2828 Conuersione,
1027 2760 1061 2817 et
1076 2758 1165 2838 post·

81 2857 179 2920 quem
206 2839 250 2902 de
273 2839 413 2922 Spiritbs
434 2843 545 2905 Sancti
568 2851 687 2906 nutura
705 2850 740 2906 et
761 2843 891 2905 actibus
905 2841 1164 2904 disseruerimus.

83 2921 207 2988 Verum
235 2925 380 3006 nequid
405 2925 458 2990 bic
483 2927 697 3002 desideretur,
719 2928 930 2991 observamus
958 2927 1024 2989 brec
1046 2942 1163 3008 pauca.

85 3011 109 3072 l.
134 3009 215 3073 Nou
233 3009 267 3072 id
283 3010 389 3074 lacere
410 3012 568 3093 Spiritum
585 3033 642 3093 per
664 3033 761 3074 voces
776 3012 933 3092 quasdam
951 3015 982 3072 iu
1001 3011 1165 3072 mentibus

82 3103 294 3171 resonantem
327 3103 363 3160 nt
389 3099 415 3159 si
441 3095 577 3170 diceret,
609 3097 679 3160 Hic
703 3097 784 3158 liber
808 3097 1020 3158 divinasset.
1075 3093 1163 3154 Nam

82 3181 193 3244 nullus
218 3185 269 3244 ert
294 3181 379 3244 iuter
406 3181 623 3256 Christianos,
645 3182 701 3262 qui
725 3181 806 3242 tales
827 3198 861 3240 se
883 3179 1046 3240 audivisse
1068 3195 1165 3239 voces

77 3267 206 3348 jactare
232 3269 345 3348 possit,
366 3274 400 3330 et
423 3269 450 3329 si
476 3267 538 3330 boc
559 3269 778 3346 contingeret,
793 3261 944 3326 dubitare
959 3263 1030 3345 quis
1045 3267 1166 3348 posset,

81 3369 120 3414 tn
138 3371 207 3414 vox
224 3351 313 3415 illari
329 3352 399 3414 Deo
413 3353 687 3435 proficisceretur,
708 3351 809 3430 anab
823 3349 1165 3433 argentomrem,

83 3440 135 3519 qui
152 3457 227 3500 sese
243 3457 480 3520 nonnunquam
495 3441 528 3501 in
544 3438 699 3520 angelum
715 3437 798 3500 lucis
813 3436 1036 3510 transformat,
1057 3435 1108 3496 rel
1123 3433 1166 3496 ab

84 3525 155 3586 atta
170 3523 288 3588 causti.
333 3524 362 3585 2.
388 3523 420 3585 N
423 3543 466 3586 on
482 3523 516 3586 id
531 3531 693 3606 prestare,
709 3541 811 3586 noras
826 3525 970 3585 rationes
984 3538 1167 3602 proponen-

84 3607 137 3680 do,
160 3625 239 3670 nam
256 3610 320 3672 boc
336 3608 464 3678 redolet
485 3609 750 3672 Enthuiasmum.
794 3607 860 3670 Sed
885 3609 912 3670 l.
935 3606 1092 3670 Attentos
1108 3623 1168 3666 nos

85 3692 267 3769 reddendo,
289 3692 404 3758 etalio
419 3696 530 3758 omnia
545 3695 686 3776 objecta,
709 3714 780 3776 que
800 3695 948 3756 animum
968 3690 1166 3762 distrahunt.

82 3777 275 3854 avertendo,
290 3785 330 3842 nt
340 3781 466 3842 scilicet
477 3782 606 3856 animus
618 3785 745 3843 attente
755 3781 887 3842 criteria
902 3777 971 3841 bec
986 3775 1182 3840 divinitatis.

81 3867 226 3940 intuens,
241 3885 284 3928 ex
296 3867 335 3926 iis
347 3864 552 3931 divinitatem
563 3866 740 3946 Scriptura
751 3865 811 3928 sibi
825 3863 1029 3947 persuadeat.
1066 3861 1097 3922 2.
1110 3859 1166 3922 Se·

82 3946 193 4014 dando
208 3949 360 4026 affectus,
382 3959 416 4014 et
430 3951 559 4033 agendo
576 3953 609 4012 in
626 3968 744 4030 corpus
759 3955 919 4012 nostrum.
961 3949 993 4010 8.
1018 3941 1167 4008 Maximi

83 4037 257 4118 voluptate
272 4035 501 4118 perlundendo
517 4049 653 4109 mentes,
674 4033 753 4097 dum
771 4035 906 4098 lectioni
921 4033 1096 4114 Scripturas
1111 4047 1167 4092 ra·

82 4129 170 4186 cant.
212 4123 246 4188 t.
272 4121 471 4205 Objiciendo
486 4122 568 4186 alios
584 4122 741 4200 homines,
758 4125 812 4202 qui
824 4119 867 4182 de
878 4117 1049 4182 divinitate
1060 4115 1168 4198 Scrip-

82 4213 160 4274 tura
169 4210 334 4295 persuasi,
343 4207 431 4276 idem
442 4209 536 4276 uobis
547 4205 776 4294 persuadeant.
814 4199 1167 4290 Aliequepraestondo,
