2994 4996
1237 329 1256 378 s

171 427 175 438 ’
249 539 252 544 ¹
376 449 435 516 tm
676 457 878 510 resonosrs
899 457 1123 512 cnnrsrrasa.
1299 445 1384 532 [nn.
1400 447 1439 514 V.

367 620 481 695 droco,
502 616 609 698 Apoc.
624 616 681 680 xii.
698 618 727 678 9.
750 623 784 676 et
798 635 855 680 xx.
871 616 902 678 2.
948 617 1044 682 Unde
1059 617 1182 682 Paulus
1196 615 1238 678 ab
1252 617 1369 682 eodem
1382 639 1438 682 ser·

370 713 481 788 pente,
502 705 559 786 qui
570 700 675 766 Eram
687 701 854 765 caliditate
865 699 924 766 sul
939 702 1082 776 seduxit,
1103 723 1172 766 sese
1190 701 1367 766 Corinthiis
1383 725 1441 768 me·

371 797 463 854 tuere
478 788 570 860 dicit,
586 807 626 850 ne
639 795 764 851 mentes
779 790 924 868 ipsorum
938 789 1190 870 dsimplicitate,
1205 808 1277 871 quae
1289 791 1321 852 in
1339 789 1440 852 Chris·

370 883 406 938 to
422 881 482 950 est,
503 879 631 936 avertat
646 875 667 934 2
683 872 761 935 Cor.
778 875 823 936 xi.
839 873 871 934 5.
932 873 1095 956 Equidem
1119 874 1230 938 Moses
1245 873 1366 938 diaboli
1381 895 1440 938 non

370 961 529 1032 meminit,
551 961 627 1040 quia
654 959 844 1020 historicum
867 961 999 1040 egebat,
1020 980 1087 1022 non
1114 964 1348 1042 interpretem
1381 981 1440 1022 rem

371 1046 470 1108 refert
485 1051 584 1127 prout
599 1050 691 1125 gesta
714 1050 774 1118 est,
797 1047 989 1127 mysterium
1015 1065 1081 1107 non
1105 1049 1220 1126 aperit.
1265 1045 1340 1108 Hoc
1362 1051 1440 1107 recte

368 1132 603 1196 intellexerunt
628 1127 674 1191 illi
698 1128 816 1204 ludaei,
836 1131 893 1210 qni
917 1130 1133 1194 Sammaelem
1160 1130 1314 1211 angelum
1337 1139 1440 1192 mortis

368 1215 1098 1383 {tillitustzlrutir‘stlbl‘l⁸⁰⁰²·
1130 1217 1208 1364 lu
1221 1219 1440 1382 turult

514 1346 521 1362 ι
1099 1347 1109 1377 ⁵
1384 1329 1390 1355 l

368 1393 468 1451 vocat
479 1383 655 1448 demonum
667 1383 708 1446 de
719 1383 929 1448 coeloalove
940 1387 1188 1450 deturbatorum
1203 1386 1332 1450 ducem.
1362 1387 1439 1448 ilinc

365 1475 467 1534 etiam
480 1477 588 1545 natus,
610 1488 668 1550 per
679 1470 908 1550 interpolatam
925 1471 1094 1534 historiam
1109 1473 1210 1534 draeo
1230 1472 1285 1538 ille
1306 1472 1392 1552 vigil,
1413 1477 1441 1532 in

371 1553 590 1638 Hesperidum
616 1555 718 1617 hortis
732 1573 908 1618 aureorum
931 1557 1092 1620 malorum
1109 1563 1221 1620 custos
1234 1557 1324 1640 apud
1341 1565 1442 1640 poetas

367 1641 574 1706 decantatus.
617 1639 765 1702 Pertinet
777 1639 852 1718 huc,
873 1639 1003 1722 qnodin
1014 1643 1441 1724 antiquissimisGrmnorum

368 1727 531 1811 mysteriis
544 1744 678 1805 corperis
692 1724 946 1802 demonstratus,
967 1737 1002 1790 et
1017 1731 1159 1792 ostentui
1175 1727 1318 1790 habitus.

414 1811 473 1873 Vl.
498 1809 577 1873 Haec
593 1815 706 1893 itaque
721 1812 827 1893 prima
841 1811 963 1876 diaboli
975 1831 1028 1875 ars
1044 1813 1119 1888 luit,
1140 1813 1201 1876 sub
1213 1813 1280 1876 veri
1292 1813 1441 1896 serpentis

366 1899 497 1961 exuviis
507 1896 622 1971 latere,
644 1915 705 1959 neo
717 1897 820 1976 magis
835 1899 951 1960 mirum
964 1897 1066 1960 videri
1076 1897 1175 1962 debet
1186 1917 1243 1980 per
1255 1899 1319 1962 lroc
1330 1895 1442 1962 animal

369 1982 515 2046 hnmano
530 1981 629 2044 verba
643 1983 802 2052 sonnisse,
823 1999 923 2064 quam
936 1982 1029 2064 quod
1044 1985 1169 2046 asinom
1187 1983 1345 2048 Balaamo
1359 1983 1440 2046 locu·

369 2057 596 2148 temlegimns.
641 2066 720 2128 Non
735 2067 837 2146 igitur
848 2085 982 2130 necesse
997 2073 1057 2144 est,
1078 2076 1117 2132 ut
1132 2088 1208 2132 cnm
1219 2069 1369 2152 losepho.
1380 2085 1441 2132 cre·

368 2151 496 2226 damus,
532 2149 717 2212 naturalem
747 2153 889 2231 serpenti
913 2151 1032 2229 iciam
1054 2153 1141 2236 quod
1169 2153 1311 2216 credidit
1341 2163 1441 2218 terim

369 2233 526 2312 Basilins3
540 2239 619 2298 ante
629 2234 703 2296 illos
716 2233 812 2297 Plato
825 2237 858 2297 in
872 2233 1013 2300 Politice
1025 2237 1328 2302 tradideratseculo
1338 2258 1442 2314 aureo,

362 2341 439 2386 cnm
456 2339 565 2384 rernm
580 2319 743 2382 Saturnus
755 2321 927 2402 potiretur,
940 2323 1051 2396 «etiarn
1069 2342 1145 2388 cum
1158 2323 1271 2388 bestiis
1287 2324 1442 2408 hominem

364 2407 530 2472 miscuisse
546 2405 722 2488 colloquia.
775 2403 844 2468 Sub
858 2408 967 2488 specie
982 2426 1062 2490 ergo
1076 2412 1237 2492 serpentis
1252 2409 1385 2474 ndortus
1399 2415 1442 2474 est

364 2491 515 2558 diabolus
527 2490 653 2568 Evam3
673 2509 736 2554 nec
752 2492 938 2568 mirnmest,
953 2495 979 2556 si
995 2493 1144 2558 Evanon
1156 2495 1340 2580 obstupuit,
1350 2513 1441 2580 quum

361 2585 546 2660 serpentem
560 2576 748 2658 loquentem
762 2573 903 2654 audivit,
924 2580 1001 2661 qnia
1014 2581 1105 2644 circa
1120 2579 1178 2644 lias
1191 2598 1242 2644 res
1252 2581 1380 2648 nntium
1391 2581 1440 2644 lia·

362 2663 463 2728 habat
476 2665 750 2744 experimentum.

408 2747 487 2810 Vll.
510 2749 692 2827 Aggressus
707 2745 845 2810 callidus
860 2750 1007 2812 tentator
1023 2749 1142 2828 Evam,
1163 2751 1300 2816 absente
1321 2753 1442 2826 marito,

363 2851 403 2898 no
418 2833 558 2914 primum
575 2833 621 2892 ita
635 2849 807 2912 eggressus
822 2837 883 2907 est,
907 2834 1076 2914 Etiamne,
1097 2837 1217 2919 inquit,
1237 2839 1332 2902 dieu
1346 2839 1438 2920 Deus,

363 2938 428 2980 nori
453 2915 804 2982 conumeraremus·
836 2919 930 3000 ligno
951 2919 1062 2994 dorli;
1099 2925 1190 3005 qnasi
1214 2921 1368 2988 dixisset:
1402 2941 1439 2986 an

364 3001 533 3086 probabile
556 3007 618 3077 est,
640 3001 751 3065 Deum
767 3003 823 3083 qui
843 3001 936 3072 vobis
958 3007 1105 3070 omnium
1133 3026 1241 3072 rerum
1266 3007 1441 3072 dominium

363 3089 535 3163 concessit,
557 3087 725 3150 fructuum
751 3088 906 3150 arborum
934 3089 1020 3154 horti
1047 3111 1139 3156 esum
1162 3093 1386 3176 prohibuisse;
1405 3091 1440 3156 de

361 3177 433 3258 ipso
449 3173 513 3237 hoo
529 3176 675 3254 cogitare
690 3175 839 3255 impium.
883 3175 1000 3244 Statim
1022 3195 1091 3240 non
1112 3179 1305 3242 criminatur
1322 3181 1385 3244 Dei
1399 3181 1441 3244 in·

363 3259 538 3324 terdiotum
549 3257 591 3322 de
606 3277 672 3322 non
685 3257 890 3322 comedendo
905 3260 1031 3324 arboris
1041 3263 1165 3340 lructn,
1188 3265 1275 3346 quod
1290 3263 1369 3328 Erre
1381 3283 1441 3328 non

362 3344 549 3428 placuisset,
579 3343 636 3406 sed
662 3346 803 3426 primum
831 3347 924 3426 qnasi
950 3353 1036 3410 esset
1057 3347 1155 3430 plane
1178 3351 1324 3432 ignarus,
1354 3351 1441 3434 petit,

361 3449 473 3492 annon
489 3447 602 3492 verum
618 3435 714 3504 esset,
731 3427 840 3490 Deum
850 3429 1006 3494 arborum
1018 3435 1165 3496 omnium
1178 3453 1273 3497 usum
1285 3439 1438 3500 vetuisse:

360 3517 494 3598 atquin
515 3512 684 3594 respondit
709 3513 835 3591 mulier,
858 3515 970 3578 Deum
985 3523 1115 3584 tantum
1140 3519 1286 3584 fructum
1308 3522 1440 3596 arboris,

361 3621 433 3682 qnia
447 3603 481 3662 in
499 3597 605 3662 medlo
623 3599 718 3660 horto
733 3605 815 3674 erat,
835 3599 1063 3678 interdixisse;
1084 3603 1127 3668 ad
1153 3608 1437 3670 comminationem

361 3691 524 3770 precepto
539 3681 685 3746 additam
696 3685 804 3766 pergit
817 3685 967 3764 Satanas,
988 3707 1029 3752 an
1044 3689 1173 3754 elevare
1188 3694 1279 3754 nisus
1293 3701 1356 3770 est,
1368 3691 1439 3756 Nori

359 3771 555 3844 moriemini,
576 3771 701 3850 inquit3
723 3771 795 3850 quis
805 3772 892 3834 enim
903 3771 1053 3840 crederet
1062 3775 1212 3840 arborem
1224 3779 1351 3842 ceteris
1365 3795 1440 3860 pre·

360 3859 564 3929 strictiorem,
579 3863 609 3916 et
624 3858 657 3916 in
669 3871 798 3917 ammno
811 3855 908 3918 horto
919 3859 1128 3938 collocatam,
1143 3863 1346 3929 mortiferam
1358 3880 1436 3926 esse:

360 3945 407 4006 sic
428 3940 639 4006 interdictum
657 3939 721 4002 Dei
743 3943 776 4003 in
799 3939 936 4006 dubium
952 3963 1109 4009 revocare
1125 3947 1228 4012 videri
1243 3949 1326 4025 vult,
1349 3947 1437 4032 qnasi

359 4027 518 4104 Adamas,
549 4025 613 4090 Dei
639 4031 838 4109 preceptum
867 4027 946 4092 Ere
967 4031 1056 4094 mala
1079 4031 1144 4096 lide
1169 4037 1359 4111 recitasset3
1391 4029 1437 4096 rel

360 4115 478 4176 serium
503 4131 569 4174 non
595 4131 664 4178 esse
688 4113 870 4176 contendit.
915 4115 991 4182 Nori
1005 4121 1203 4198 moriemini,
1224 4123 1291 4184 ait:
1325 4135 1433 4184 verum

359 4208 400 4258 ire
415 4197 499 4260 ullus
508 4198 683 4280 scrupulus
696 4197 773 4260 Erre
785 4207 979 4281 superesset,
993 4203 1136 4286 subjecit
1145 4207 1241 4268 tertio
1250 4205 1339 4282 loco,
1354 4199 1436 4288 quod

360 4281 429 4345 hen
453 4279 562 4358 arbor,
594 4283 764 4347 scientiam
788 4284 979 4354 conterendi
1005 4288 1165 4358 facultate
1192 4289 1332 4378 predita
1357 4291 1437 4356 essct
