3032 4998
9 501 11 586 p
79 461 164 546 cop.
182 457 226 546 7.]
464 477 511 526 ns
533 479 650 528 vusuo
673 477 744 530 nsi.

491 657 645 722 CAPUT
668 655 749 724 Vll.

336 826 383 882 De
398 825 580 900 inspiratione
594 825 740 884 Librorum
755 825 911 886 Sacrorum.

125 983 152 1046 1.
179 981 236 1045 Ex
263 981 361 1044 dietis
388 980 429 1044 de
454 983 637 1046 divinitate
663 985 862 1066 Scriptum,
893 985 971 1047 satis
1002 1005 1166 1078 superque

85 1074 190 1153 patet,
212 1067 291 1150 quid
309 1067 350 1130 de
365 1069 586 1148 inspiratione
598 1069 754 1133 librorum
772 1088 942 1132 sacrorum
958 1069 1145 1136 dicendum.

131 1155 175 1216 ll.
213 1155 300 1215 Saue
332 1171 430 1214 nemo
456 1171 527 1215 earn
554 1155 699 1234 negabit,
725 1158 781 1236 qui
808 1157 1002 1229 attenderim
1063 1159 1089 1218 l.
1125 1159 1164 1220 ln

86 1242 124 1302 lis
152 1239 244 1300 libris
280 1241 466 1322 innumeras
505 1241 694 1320 prophetias
724 1245 908 1315 contineri;
942 1259 1015 1322 qum
1050 1263 1112 1304 nec
1146 1245 1167 1304 d

86 1325 272 1406 Prophetis,
306 1343 368 1386 nee
394 1323 436 1384 ab
467 1321 637 1406 Apostolis
663 1325 845 1404 excogitari
873 1335 1066 1407 potuissent,
1102 1329 1164 1390 nisi

86 1409 199 1472 divino
219 1409 319 1470 afflati
342 1409 477 1471 luissent
500 1411 634 1490 Spiritu.
678 1409 708 1470 2.
734 1409 771 1470 ln
791 1413 829 1472 iis
850 1411 939 1472 libris
965 1415 1070 1474 multa
1091 1411 1168 1494 legi,

86 1515 157 1577 quoe
180 1497 241 1557 etsi
254 1500 427 1576 preterita,
449 1497 468 1555 d
481 1497 609 1556 nemiue
625 1497 698 1556 sciri
712 1497 902 1576 potuissent,
915 1499 974 1558 nisi
987 1503 1043 1579 qui
1056 1500 1168 1559 omnia

86 1583 189 1655 novit,
205 1581 351 1641 revelare
371 1578 524 1658 dignatus
540 1587 633 1640 esset.
677 1583 705 1642 3.
731 1580 768 1640 lu
786 1583 823 1641 iis
841 1583 928 1642 libris
944 1583 1039 1664 plura
1053 1583 1166 1645 doceri

86 1665 168 1727 adeo
183 1663 347 1738 sublimia,
363 1673 396 1726 et
412 1673 545 1746 captum
564 1665 741 1727 humanum
754 1669 953 1747 superantia,
969 1678 1005 1729 ut
1020 1669 1062 1731 ab
1075 1669 1168 1730 hom·

87 1751 182 1812 nibus
197 1750 415 1812 subtilissimis
430 1749 518 1830 fingi,
541 1751 660 1810 nedum
678 1754 698 1812 d
714 1749 848 1812 rudibus
862 1751 1031 1833 Apostolis
1054 1761 1169 1836 potue·

88 1839 163 1898 rint.
208 1837 241 1896 4.
267 1835 304 1897 ln
329 1853 403 1896 eum
426 1835 523 1896 finem
547 1835 645 1896 libros
667 1836 740 1895 illos
762 1839 977 1918 conscriptos,
1003 1845 1040 1898 ut
1060 1843 1169 1899 essent

88 1939 216 2003 semper
237 1922 350 2002 regula
369 1921 454 1992 fidei,
478 1933 683 2000 morumque,
713 1920 801 2000 quod
825 1939 890 1981 nou
914 1920 978 1983 diei
1000 1929 1121 2003 posset,
1143 1923 1171 1984 sl

87 2005 212 2088 aliquid
229 2007 433 2087 scripsissent
448 2006 611 2086 Apostoli,
626 2006 747 2087 absque
762 2005 872 2072 aflatu
888 2005 1028 2089 Spiritus
1043 2007 1173 2070 Sancti·

88 2094 138 2155 rel
154 2091 311 2172 impulsu,
335 2091 386 2152 vel
401 2090 516 2152 saltem
533 2090 725 2162 directione,
747 2099 782 2152 et
797 2093 822 2153 si
843 2089 952 2175 aliqua
974 2095 1007 2154 iu
1030 2113 1064 2156 re
1084 2095 1171 2156 inter

87 2175 298 2242 scribendum
311 2180 542 2258 coespitassent.
567 2195 569 2201 ·
586 2179 615 2237 6.
639 2175 693 2239 Ab
708 2176 798 2238 omni
814 2177 1097 2240 verisimilitudine
1111 2180 1169 2241 ab·

88 2265 234 2336 horrere,
257 2261 412 2324 Galilreos
434 2261 588 2344 quosdam
612 2263 789 2344 piscatores
813 2271 870 2323 aut
897 2263 1091 2344 publicanos
1118 2269 1173 2327 tot

87 2345 972 2429 eximiasoripsisseabsquediotomiueSpiritusSancti.
1007 2351 1039 2410 6.
1059 2349 1171 2412 Chris·

88 2441 156 2498 tum
183 2431 355 2515 Apostolis
384 2432 567 2515 pollicitum
598 2433 706 2508 luisse,
738 2433 893 2514 Spiritum
925 2435 1081 2496 Senatum
1114 2455 1171 2497 eos

90 2519 310 2582 deducturum
321 2520 353 2580 in
367 2516 774 2580 omnemoeritatemlohn
785 2518 851 2581 xvi.
868 2519 915 2582 13.
962 2519 1035 2581 Neo
1046 2520 1171 2601 absque

89 2607 262 2690 impietate
284 2602 348 2666 dici
370 2623 473 2686 posse,
494 2604 583 2665 orbis
604 2603 811 2666 servatorem
835 2605 1000 2684 promissis
1022 2609 1087 2666 suis
1104 2623 1171 2666 non

91 2693 229 2753 stetisse.
274 2691 304 2751 7.
329 2689 421 2770 lpsos
436 2689 625 2772 Apostolos,
647 2707 730 2771 quos
745 2689 939 2769 impostores
955 2709 1052 2752 nemo
1073 2708 1173 2753 sanus

91 2775 190 2850 dicet,
204 2781 344 2837 testatos
358 2775 454 2836 luisse
466 2795 500 2837 se
514 2776 534 2852 tl
551 2774 674 2856 Spiritu
690 2775 813 2836 Sancto
835 2775 962 2838 afflatos
978 2774 1172 2858 predicasse

91 2869 123 2924 at
137 2861 321 2944 scripsisse3
337 2859 405 2921 lineo
418 2861 491 2921 loon
504 2861 629 2922 consuli
642 2865 787 2942 possunt.
814 2860 825 2921 l
846 2860 958 2922 Thess.
972 2865 1003 2922 ii.
1016 2863 1062 2923 14.
1097 2861 1172 2924 Noa

92 2948 230 3030 gratioe
258 2947 394 3028 agimus
409 2943 478 3008 Deo
497 2946 727 3016 indesinenter,
749 2945 835 3024 quod
855 2949 1025 3026 occeptum
1045 2948 1086 3009 de
1101 2945 1171 3008 Deo

92 3049 280 3104 monem,
308 3049 400 3112 quoru
429 3029 578 3093 audistis
605 3048 649 3091 aa
673 3030 777 3102 nobis,
802 3033 1008 3112 exceperitis,
1038 3050 1105 3092 non
1132 3037 1172 3092 ut

96 3135 280 3180 sermonem
303 3117 483 3186 hominum,
500 3114 557 3176 sed
572 3117 656 3174 siout
671 3121 721 3174 est
740 3131 829 3186 vere,
845 3123 880 3174 ut
898 3116 959 3174 Dei
976 3133 1172 3180 sermonem.

97 3204 123 3267 l.
149 3201 227 3264 Cor.
243 3205 278 3264 ii.
304 3201 351 3264 12.
373 3201 419 3264 lS.
445 3197 517 3262 Nos
537 3201 614 3262 ueri
633 3217 696 3260 non
715 3198 873 3278 spiritum
897 3199 1015 3259 mundi
1042 3201 1173 3281 ‹scoepi-¹
1234 3251 1236 3260 .

94 3307 176 3362 mna,
191 3287 252 3350 eod
265 3291 296 3349 at
311 3287 485 3368 Spiritum,
501 3287 558 3366 qui
571 3287 670 3348 asten
681 3282 760 3357 Deo,
775 3293 811 3343 ut
820 3283 979 3359 sciamus,
993 3301 1069 3366 quoe
1080 3283 1173 3348 Deua

95 3379 143 3439 ast
156 3373 253 3436 robis
263 3371 502 3455 gratificatum
525 3389 594 3452 quse
615 3371 717 3432 etiam
739 3369 912 3450 loquimur,
934 3385 1000 3430 nou
1016 3373 1173 3433 sermoni·

98 3459 166 3532 bus,
182 3477 266 3540 quos
280 3458 379 3522 dooet
397 3457 539 3518 humana
552 3457 722 3538 sapientia,
744 3454 800 3516 sed
817 3473 899 3535 quos
921 3452 1019 3516 docet
1033 3455 1173 3536 Spiritus

97 3544 247 3606 Sanctus.
295 3545 321 3606 l.
347 3542 425 3604 Cor.
442 3543 474 3603 ii.
502 3541 547 3601 l6.
574 3541 656 3611 Quis
674 3542 768 3603 novit
788 3544 923 3608 mertem
945 3538 1092 3612 Domini,
1114 3541 1174 3622 qui

96 3626 483 3692 instrueturuasiteum?
505 3625 576 3689 Nos
591 3633 700 3688 nutem
713 3632 855 3687 mentem
870 3624 991 3688 Christi
1005 3627 1174 3688 habemus·

101 3716 114 3776 l
134 3713 213 3776 Cor.
229 3717 295 3776 xiv.
312 3714 363 3778 ³2.
386 3713 420 3774 si
437 3713 513 3794 quia
530 3713 663 3774 uidetur
679 3709 843 3794 Propheta
857 3729 936 3784 asna,
955 3719 1018 3774 'out
1033 3713 1175 3792 spiritu-

97 3801 178 3874 alia,
200 3803 374 3882 agnoscat,
398 3815 471 3878 quw
493 3797 600 3860 scribo
624 3796 717 3858 vobis
740 3815 810 3858 asse
835 3793 971 3859 Domini
990 3797 1172 3868 mandato;

99 3885 165 3948 Ubi
181 3883 420 3948 observandum
436 3884 535 3946 luisse
550 3891 628 3944 tunc
644 3885 800 3962 temporis
815 3883 912 3955 viros,
928 3882 1046 3962 quibus
1061 3881 1176 3944 dolum

96 3975 168 4034 erat
189 3969 313 4034 donum
336 3968 625 4032 discernendorum
646 3968 834 4046 spiritunm3
858 3966 982 4028 Eorum
1002 3973 1113 4028 autem
1140 3985 1175 4029 se

97 4059 240 4118 examini
257 4057 390 4138 subjicit
407 4055 536 4116 Paulus.
581 4051 689 4125 Adde,
715 4055 741 4112 l.
766 4051 844 4113 Cor.
866 4053 922 4113 vii.
937 4051 990 4112 40.
1015 4051 1101 4118 Puto
1115 4071 1176 4116 ou·

98 4145 164 4203 teru
177 4161 226 4204 me
247 4141 415 4224 Spiritum
436 4139 562 4203 Christi
580 4137 712 4208 dotem
735 4135 792 4197 ubi
815 4134 996 4199 notandum
1020 4137 1088 4202 hee
1110 4137 1179 4202 diol
1248 4156 1260 4168 ·

97 4229 131 4288 in
149 4227 264 4291 eodem
280 4231 401 4308 eapite,
416 4227 472 4286 ubi
488 4224 617 4286 dixerat
633 4221 823 4304 Apostolus,
845 4240 880 4283 se
901 4223 1032 4304 otiquii
1052 4225 1176 4298 docere,

98 4331 163 4376 oon
183 4312 372 4388 Dominum,
394 4331 425 4375 v.
444 4310 494 4386 lo,
516 4310 595 4390 quia
615 4309 743 4372 soilioet
762 4325 859 4390 super
882 4307 945 4376 hoo
970 4318 1179 4394 argumento,
