<?xml version="1.0" encoding="UTF-8"?>
<!DOCTYPE html PUBLIC "-//W3C//DTD XHTML 1.0 Transitional//EN"
    "http://www.w3.org/TR/xhtml1/DTD/xhtml1-transitional.dtd">
<html xmlns="http://www.w3.org/1999/xhtml" xml:lang="en" lang="en">
 <head>
  <title>
</title>
<meta http-equiv="Content-Type" content="text/html;charset=utf-8" />
  <meta name='ocr-system' content='tesseract 3.04.00' />
  <meta name='ocr-capabilities' content='ocr_page ocr_carea ocr_par ocr_line ocrx_word'/>
</head>
<body>
  <div class='ocr_page' id='page_1' title='image "./theologiachrist00pictgoog_0039.png"; bbox 0 0 3032 4998; ppageno 0'>
   <div class='ocr_carea' id='block_1_1' title="bbox 113 413 1190 504">
    <p class='ocr_par' dir='ltr' id='par_1_1' title="bbox 113 413 1190 504">
     <span class='ocr_line' id='line_1_1' title="bbox 113 413 1190 504; baseline 0.006 -23"><span class='ocrx_word' id='word_1_1' title='bbox 113 413 250 504; x_wconf 71' lang='lat' dir='ltr'><strong>caps]</strong></span> <span class='ocrx_word' id='word_1_2' title='bbox 447 464 460 490; x_wconf 85' lang='lat'><strong>,</strong></span> <span class='ocrx_word' id='word_1_3' title='bbox 504 431 553 484; x_wconf 81' lang='lat' dir='ltr'><strong>os</strong></span> <span class='ocrx_word' id='word_1_4' title='bbox 574 431 693 484; x_wconf 79' lang='lat' dir='ltr'><strong>vasso</strong></span> <span class='ocrx_word' id='word_1_5' title='bbox 715 433 787 484; x_wconf 84' lang='lat' dir='ltr'><strong>nur.</strong></span> <span class='ocrx_word' id='word_1_6' title='bbox 1149 421 1190 488; x_wconf 80' lang='lat' dir='ltr'><strong>lt</strong></span> 
     </span>
    </p>
   </div>
   <div class='ocr_carea' id='block_1_2' title="bbox 103 585 1193 759">
    <p class='ocr_par' dir='ltr' id='par_1_2' title="bbox 103 585 1193 759">
     <span class='ocr_line' id='line_1_2' title="bbox 104 585 1193 672; baseline 0.006 -23"><span class='ocrx_word' id='word_1_7' title='bbox 104 585 992 672; x_wconf 75' lang='lat' dir='ltr'><strong>NouusSoplrom&#39;asiudiebnsJosisscoenusleremia.</strong></span> <span class='ocrx_word' id='word_1_8' title='bbox 1030 589 1193 656; x_wconf 83' lang='lat' dir='ltr'><strong>Decimus</strong></span> 
     </span>
     <span class='ocr_line' id='line_1_3' title="bbox 103 669 1193 759; baseline 0.004 -23"><span class='ocrx_word' id='word_1_9' title='bbox 103 669 285 759; x_wconf 78' lang='lat' dir='ltr'><strong>Hoggceae</strong></span> <span class='ocrx_word' id='word_1_10' title='bbox 299 683 373 758; x_wconf 85' lang='lat' dir='ltr'><strong>post</strong></span> <span class='ocrx_word' id='word_1_11' title='bbox 388 674 564 740; x_wconf 79' lang='lat' dir='ltr'><strong>reditume</strong></span> <span class='ocrx_word' id='word_1_12' title='bbox 582 677 789 758; x_wconf 83' lang='lat' dir='ltr'><strong>captivitate,</strong></span> <span class='ocrx_word' id='word_1_13' title='bbox 817 695 905 740; x_wconf 87' lang='lat' dir='ltr'><strong>auno</strong></span> <span class='ocrx_word' id='word_1_14' title='bbox 927 676 1074 741; x_wconf 86' lang='lat' dir='ltr'><strong>secundo</strong></span> <span class='ocrx_word' id='word_1_15' title='bbox 1097 678 1193 741; x_wconf 90' lang='lat' dir='ltr'><strong>Darii</strong></span> 
     </span>
    </p>
   </div>
   <div class='ocr_carea' id='block_1_3' title="bbox 70 761 1192 846">
    <p class='ocr_par' dir='ltr' id='par_1_3' title="bbox 70 761 1192 846">
     <span class='ocr_line' id='line_1_4' title="bbox 70 761 1192 846; baseline 0.007 -26"><span class='ocrx_word' id='word_1_16' title='bbox 70 767 202 846; x_wconf 58' lang='lat' dir='ltr'><strong>,regia</strong></span> <span class='ocrx_word' id='word_1_17' title='bbox 238 764 329 826; x_wconf 89' lang='lat' dir='ltr'><strong>circa</strong></span> <span class='ocrx_word' id='word_1_18' title='bbox 357 779 483 830; x_wconf 87' lang='lat' dir='ltr'><strong>aunum</strong></span> <span class='ocrx_word' id='word_1_19' title='bbox 509 763 701 826; x_wconf 71' lang='lat' dir='ltr'><strong>assasse</strong></span> <span class='ocrx_word' id='word_1_20' title='bbox 730 763 825 826; x_wconf 82' lang='lat'><strong>3490.</strong></span> <span class='ocrx_word' id='word_1_21' title='bbox 893 761 1059 844; x_wconf 82' lang='lat' dir='ltr'><strong>Angelum</strong></span> <span class='ocrx_word' id='word_1_22' title='bbox 1091 765 1192 828; x_wconf 85' lang='lat' dir='ltr'><strong>luisse</strong></span> 
     </span>
    </p>
   </div>
   <div class='ocr_carea' id='block_1_4' title="bbox 104 843 1193 1018">
    <p class='ocr_par' dir='ltr' id='par_1_4' title="bbox 104 843 1193 1018">
     <span class='ocr_line' id='line_1_5' title="bbox 108 843 1192 930; baseline 0.004 -22"><span class='ocrx_word' id='word_1_23' title='bbox 108 843 255 910; x_wconf 79' lang='lat' dir='ltr'><strong>humans</strong></span> <span class='ocrx_word' id='word_1_24' title='bbox 265 849 374 930; x_wconf 86' lang='lat' dir='ltr'><strong>specis</strong></span> <span class='ocrx_word' id='word_1_25' title='bbox 388 845 543 910; x_wconf 88' lang='lat' dir='ltr'><strong>indutum</strong></span> <span class='ocrx_word' id='word_1_26' title='bbox 555 846 732 910; x_wconf 88' lang='lat' dir='ltr'><strong>nonnullos</strong></span> <span class='ocrx_word' id='word_1_27' title='bbox 744 846 919 912; x_wconf 84' lang='lat' dir='ltr'><strong>credidisse</strong></span> <span class='ocrx_word' id='word_1_28' title='bbox 927 856 1045 912; x_wconf 87' lang='lat' dir='ltr'><strong>auctor</strong></span> <span class='ocrx_word' id='word_1_29' title='bbox 1055 849 1192 912; x_wconf 85' lang='lat' dir='ltr'><strong>estllie·</strong></span> 
     </span>
     <span class='ocr_line' id='line_1_6' title="bbox 104 931 1193 1018; baseline 0.006 -26"><span class='ocrx_word' id='word_1_30' title='bbox 104 949 273 1016; x_wconf 75' lang='lat' dir='ltr'><strong>rouymns.</strong></span> <span class='ocrx_word' id='word_1_31' title='bbox 318 933 522 998; x_wconf 85' lang='lat' dir='ltr'><strong>Undecimus</strong></span> <span class='ocrx_word' id='word_1_32' title='bbox 544 931 740 996; x_wconf 73' lang='lat' dir='ltr'><strong>lactarios</strong></span> <span class='ocrx_word' id='word_1_33' title='bbox 761 932 878 996; x_wconf 90' lang='lat' dir='ltr'><strong>eodem</strong></span> <span class='ocrx_word' id='word_1_34' title='bbox 898 943 1054 1018; x_wconf 86' lang='lat' dir='ltr'><strong>tempure,</strong></span> <span class='ocrx_word' id='word_1_35' title='bbox 1075 937 1193 1018; x_wconf 79' lang='lat' dir='ltr'><strong>amplis</strong></span> 
     </span>
    </p>
   </div>
   <div class='ocr_carea' id='block_1_5' title="bbox 7 1017 1194 1098">
    <p class='ocr_par' dir='ltr' id='par_1_5' title="bbox 7 1017 1194 1098">
     <span class='ocr_line' id='line_1_7' title="bbox 7 1017 1194 1098; baseline 0.007 -22"><span class='ocrx_word' id='word_1_36' title='bbox 7 1039 8 1062; x_wconf 58' lang='lat'>1</span> <span class='ocrx_word' id='word_1_37' title='bbox 105 1017 268 1082; x_wconf 81' lang='lat' dir='ltr'><strong>vaticiniis</strong></span> <span class='ocrx_word' id='word_1_38' title='bbox 282 1019 325 1082; x_wconf 89' lang='lat' dir='ltr'><strong>ab</strong></span> <span class='ocrx_word' id='word_1_39' title='bbox 340 1019 458 1083; x_wconf 78' lang='lat' dir='ltr'><strong>eodem</strong></span> <span class='ocrx_word' id='word_1_40' title='bbox 473 1037 561 1082; x_wconf 86' lang='lat' dir='ltr'><strong>auno</strong></span> <span class='ocrx_word' id='word_1_41' title='bbox 577 1019 624 1082; x_wconf 89' lang='lat'><strong>11.</strong></span> <span class='ocrx_word' id='word_1_42' title='bbox 641 1019 747 1093; x_wconf 88' lang='lat' dir='ltr'><strong>Darii,</strong></span> <span class='ocrx_word' id='word_1_43' title='bbox 762 1017 820 1081; x_wconf 88' lang='lat' dir='ltr'><strong>sed</strong></span> <span class='ocrx_word' id='word_1_44' title='bbox 835 1018 961 1082; x_wconf 78' lang='lat' dir='ltr'><strong>diutius</strong></span> <span class='ocrx_word' id='word_1_45' title='bbox 979 1021 1194 1098; x_wconf 84' lang='lat' dir='ltr'><strong>continuatis,</strong></span> 
     </span>
    </p>
   </div>
   <div class='ocr_carea' id='block_1_6' title="bbox 105 1103 1195 1529">
    <p class='ocr_par' dir='ltr' id='par_1_6' title="bbox 105 1103 1195 1529">
     <span class='ocr_line' id='line_1_8' title="bbox 105 1103 1193 1189; baseline 0.006 -25"><span class='ocrx_word' id='word_1_46' title='bbox 105 1109 140 1164; x_wconf 89' lang='lat' dir='ltr'><strong>et</strong></span> <span class='ocrx_word' id='word_1_47' title='bbox 154 1103 208 1166; x_wconf 90' lang='lat' dir='ltr'><strong>hic</strong></span> <span class='ocrx_word' id='word_1_48' title='bbox 224 1103 404 1168; x_wconf 73' lang='lat' dir='ltr'><strong>Zacharias</strong></span> <span class='ocrx_word' id='word_1_49' title='bbox 418 1104 504 1168; x_wconf 86' lang='lat' dir='ltr'><strong>filius</strong></span> <span class='ocrx_word' id='word_1_50' title='bbox 521 1103 702 1178; x_wconf 86' lang='lat' dir='ltr'><strong>Barachire,</strong></span> <span class='ocrx_word' id='word_1_51' title='bbox 725 1103 830 1166; x_wconf 87' lang='lat' dir='ltr'><strong>Zach.</strong></span> <span class='ocrx_word' id='word_1_52' title='bbox 847 1107 868 1167; x_wconf 93' lang='lat' dir='ltr'><strong>i.</strong></span> <span class='ocrx_word' id='word_1_53' title='bbox 884 1105 911 1168; x_wconf 93' lang='lat' dir='ltr'><strong>l.</strong></span> <span class='ocrx_word' id='word_1_54' title='bbox 929 1105 1091 1189; x_wconf 87' lang='lat' dir='ltr'><strong>plerisque</strong></span> <span class='ocrx_word' id='word_1_55' title='bbox 1105 1107 1193 1170; x_wconf 88' lang='lat' dir='ltr'><strong>idem</strong></span> 
     </span>
     <span class='ocr_line' id='line_1_9' title="bbox 105 1188 1192 1272; baseline 0.004 -22"><span class='ocrx_word' id='word_1_56' title='bbox 105 1207 175 1251; x_wconf 88' lang='lat' dir='ltr'><strong>esse</strong></span> <span class='ocrx_word' id='word_1_57' title='bbox 200 1197 351 1272; x_wconf 84' lang='lat' dir='ltr'><strong>putatur,</strong></span> <span class='ocrx_word' id='word_1_58' title='bbox 383 1189 425 1254; x_wconf 88' lang='lat' dir='ltr'><strong>de</strong></span> <span class='ocrx_word' id='word_1_59' title='bbox 447 1191 543 1272; x_wconf 78' lang='lat' dir='ltr'><strong>qu&#39;us</strong></span> <span class='ocrx_word' id='word_1_60' title='bbox 565 1209 646 1254; x_wconf 89' lang='lat' dir='ltr'><strong>nece</strong></span> <span class='ocrx_word' id='word_1_61' title='bbox 669 1188 822 1254; x_wconf 87' lang='lat' dir='ltr'><strong>Christus</strong></span> <span class='ocrx_word' id='word_1_62' title='bbox 844 1190 945 1254; x_wconf 84' lang='lat' dir='ltr'><strong>rerba</strong></span> <span class='ocrx_word' id='word_1_63' title='bbox 966 1191 1057 1254; x_wconf 85' lang='lat' dir='ltr'><strong>iacit.</strong></span> <span class='ocrx_word' id='word_1_64' title='bbox 1091 1191 1192 1255; x_wconf 88' lang='lat' dir='ltr'><strong>Matt.</strong></span> 
     </span>
     <span class='ocr_line' id='line_1_10' title="bbox 105 1272 1195 1360; baseline 0.002 -24"><span class='ocrx_word' id='word_1_65' title='bbox 105 1275 196 1336; x_wconf 76' lang='lat' dir='ltr'><strong>xxiii.</strong></span> <span class='ocrx_word' id='word_1_66' title='bbox 212 1277 265 1338; x_wconf 79' lang='lat'><strong>36.</strong></span> <span class='ocrx_word' id='word_1_67' title='bbox 309 1273 460 1340; x_wconf 81' lang='lat' dir='ltr'><strong>Tandem</strong></span> <span class='ocrx_word' id='word_1_68' title='bbox 478 1275 680 1349; x_wconf 73' lang='lat' dir='ltr'><strong><em>Malachiae,</em></strong></span> <span class='ocrx_word' id='word_1_69' title='bbox 695 1272 815 1358; x_wconf 87' lang='lat' dir='ltr'><strong>dequo</strong></span> <span class='ocrx_word' id='word_1_70' title='bbox 826 1275 967 1340; x_wconf 73' lang='lat' dir='ltr'><strong>multllm</strong></span> <span class='ocrx_word' id='word_1_71' title='bbox 979 1276 1195 1360; x_wconf 73' lang='lat' dir='ltr'><strong>disceptatur,</strong></span> 
     </span>
     <span class='ocr_line' id='line_1_11' title="bbox 106 1360 1195 1446; baseline 0.004 -24"><span class='ocrx_word' id='word_1_72' title='bbox 106 1362 177 1440; x_wconf 85' lang='lat' dir='ltr'><strong>quis</strong></span> <span class='ocrx_word' id='word_1_73' title='bbox 192 1361 249 1424; x_wconf 87' lang='lat' dir='ltr'><strong>ille</strong></span> <span class='ocrx_word' id='word_1_74' title='bbox 264 1361 391 1426; x_wconf 90' lang='lat' dir='ltr'><strong>scilicet</strong></span> <span class='ocrx_word' id='word_1_75' title='bbox 408 1363 519 1438; x_wconf 86' lang='lat' dir='ltr'><strong>luerit,</strong></span> <span class='ocrx_word' id='word_1_76' title='bbox 535 1361 607 1424; x_wconf 87' lang='lat' dir='ltr'><strong>aliis</strong></span> <span class='ocrx_word' id='word_1_77' title='bbox 624 1360 746 1424; x_wconf 82' lang='lat' dir='ltr'><strong>Esdrus</strong></span> <span class='ocrx_word' id='word_1_78' title='bbox 760 1361 916 1438; x_wconf 87' lang='lat' dir='ltr'><strong>creditus,</strong></span> <span class='ocrx_word' id='word_1_79' title='bbox 937 1361 1010 1424; x_wconf 87' lang='lat' dir='ltr'><strong>aliis</strong></span> <span class='ocrx_word' id='word_1_80' title='bbox 1025 1363 1195 1446; x_wconf 78' lang='lat' dir='ltr'><strong>Angelus3</strong></span> 
     </span>
     <span class='ocr_line' id='line_1_12' title="bbox 107 1446 1017 1529; baseline 0.004 -23"><span class='ocrx_word' id='word_1_81' title='bbox 107 1447 305 1510; x_wconf 78' lang='lat' dir='ltr'><strong>vaticinatus</strong></span> <span class='ocrx_word' id='word_1_82' title='bbox 320 1459 369 1510; x_wconf 85' lang='lat' dir='ltr'><strong>est</strong></span> <span class='ocrx_word' id='word_1_83' title='bbox 385 1446 511 1510; x_wconf 85' lang='lat' dir='ltr'><strong>dudum</strong></span> <span class='ocrx_word' id='word_1_84' title='bbox 528 1446 676 1529; x_wconf 81' lang='lat' dir='ltr'><strong>perlecta</strong></span> <span class='ocrx_word' id='word_1_85' title='bbox 690 1446 802 1528; x_wconf 89' lang='lat' dir='ltr'><strong>templi</strong></span> <span class='ocrx_word' id='word_1_86' title='bbox 819 1447 866 1512; x_wconf 85' lang='lat'><strong>11.</strong></span> <span class='ocrx_word' id='word_1_87' title='bbox 881 1448 1017 1512; x_wconf 79' lang='lat' dir='ltr'><strong>fabrica.</strong></span> 
     </span>
    </p>
   </div>
   <div class='ocr_carea' id='block_1_7' title="bbox 150 1529 1194 1618">
    <p class='ocr_par' dir='ltr' id='par_1_7' title="bbox 150 1516 1316 1619">
     <span class='ocr_line' id='line_1_13' title="bbox 150 1529 1194 1618; baseline 0.004 -24"><span class='ocrx_word' id='word_1_88' title='bbox 150 1529 193 1594; x_wconf 86' lang='lat' dir='ltr'><strong>X.</strong></span> <span class='ocrx_word' id='word_1_89' title='bbox 218 1531 472 1618; x_wconf 80' lang='lat' dir='ltr'><strong>Hagiogroplsa</strong></span> <span class='ocrx_word' id='word_1_90' title='bbox 487 1541 576 1609; x_wconf 88' lang='lat' dir='ltr'><strong>sunt,</strong></span> <span class='ocrx_word' id='word_1_91' title='bbox 608 1533 635 1594; x_wconf 90' lang='lat'><strong>1.</strong></span> <span class='ocrx_word' id='word_1_92' title='bbox 661 1532 824 1594; x_wconf 71' lang='lat' dir='ltr'><strong>aaronica</strong></span> <span class='ocrx_word' id='word_1_93' title='bbox 846 1533 899 1596; x_wconf 86' lang='lat' dir='ltr'><strong>rel</strong></span> <span class='ocrx_word' id='word_1_94' title='bbox 927 1531 1033 1596; x_wconf 84' lang='lat' dir='ltr'><strong>Verba</strong></span> <span class='ocrx_word' id='word_1_95' title='bbox 1052 1535 1194 1610; x_wconf 55' lang='lat' dir='ltr'><strong>duram,</strong></span> 
     </span>
    </p>
   </div>
   <div class='ocr_carea' id='block_1_8' title="bbox 103 1616 1263 3334">
    <p class='ocr_par' dir='ltr' id='par_1_8' title="bbox 103 1616 1263 3334">
     <span class='ocr_line' id='line_1_14' title="bbox 106 1616 1198 1700; baseline 0.006 -23"><span class='ocrx_word' id='word_1_96' title='bbox 106 1623 166 1678; x_wconf 85' lang='lat' dir='ltr'><strong>aul</strong></span> <span class='ocrx_word' id='word_1_97' title='bbox 189 1616 289 1682; x_wconf 74' lang='lat' dir='ltr'><strong>[aiter</strong></span> <span class='ocrx_word' id='word_1_98' title='bbox 308 1622 597 1700; x_wconf 69' lang='lat' dir='ltr'><strong><em>paralipomenon,</em></strong></span> <span class='ocrx_word' id='word_1_99' title='bbox 630 1619 686 1699; x_wconf 90' lang='lat' dir='ltr'><strong>qui</strong></span> <span class='ocrx_word' id='word_1_100' title='bbox 710 1617 862 1682; x_wconf 76' lang='lat' dir='ltr'>historias</span> <span class='ocrx_word' id='word_1_101' title='bbox 882 1617 925 1682; x_wconf 86' lang='lat' dir='ltr'><strong>ab</strong></span> <span class='ocrx_word' id='word_1_102' title='bbox 944 1619 1016 1682; x_wconf 89' lang='lat' dir='ltr'><strong>aliis</strong></span> <span class='ocrx_word' id='word_1_103' title='bbox 1033 1619 1198 1684; x_wconf 85' lang='lat' dir='ltr'><strong>historicis</strong></span> 
     </span>
     <span class='ocr_line' id='line_1_15' title="bbox 107 1703 1196 1788; baseline 0.004 -22"><span class='ocrx_word' id='word_1_104' title='bbox 107 1705 243 1766; x_wconf 72' lang='lat' dir='ltr'><strong>omusas</strong></span> <span class='ocrx_word' id='word_1_105' title='bbox 257 1711 381 1780; x_wconf 87' lang='lat' dir='ltr'><strong>narrat,</strong></span> <span class='ocrx_word' id='word_1_106' title='bbox 411 1704 465 1768; x_wconf 86' lang='lat' dir='ltr'><strong>rel</strong></span> <span class='ocrx_word' id='word_1_107' title='bbox 486 1705 529 1768; x_wconf 88' lang='lat' dir='ltr'><strong>ab</strong></span> <span class='ocrx_word' id='word_1_108' title='bbox 549 1703 630 1768; x_wconf 80' lang='lat' dir='ltr'><strong>aliis.</strong></span> <span class='ocrx_word' id='word_1_109' title='bbox 640 1703 757 1766; x_wconf 86' lang='lat' dir='ltr'><strong>allatas</strong></span> <span class='ocrx_word' id='word_1_110' title='bbox 772 1703 900 1786; x_wconf 80' lang='lat' dir='ltr'><strong>plenius</strong></span> <span class='ocrx_word' id='word_1_111' title='bbox 916 1709 1036 1788; x_wconf 85' lang='lat' dir='ltr'><strong>repetit</strong></span> <span class='ocrx_word' id='word_1_112' title='bbox 1050 1714 1085 1770; x_wconf 88' lang='lat' dir='ltr'><strong>et</strong></span> <span class='ocrx_word' id='word_1_113' title='bbox 1099 1707 1196 1770; x_wconf 87' lang='lat' dir='ltr'><strong>locu·</strong></span> 
     </span>
     <span class='ocr_line' id='line_1_16' title="bbox 108 1788 1195 1873; baseline 0.004 -22"><span class='ocrx_word' id='word_1_114' title='bbox 108 1789 232 1870; x_wconf 85' lang='lat' dir='ltr'><strong>pletat;</strong></span> <span class='ocrx_word' id='word_1_115' title='bbox 264 1793 285 1854; x_wconf 78' lang='lat' dir='ltr'><strong>a</strong></span> <span class='ocrx_word' id='word_1_116' title='bbox 307 1809 373 1873; x_wconf 91' lang='lat' dir='ltr'><strong>quo</strong></span> <span class='ocrx_word' id='word_1_117' title='bbox 395 1797 533 1860; x_wconf 84' lang='lat' dir='ltr'><strong>auctore</strong></span> <span class='ocrx_word' id='word_1_118' title='bbox 557 1789 681 1871; x_wconf 89' lang='lat' dir='ltr'><strong>scripta</strong></span> <span class='ocrx_word' id='word_1_119' title='bbox 701 1791 778 1862; x_wconf 87' lang='lat' dir='ltr'><strong>sint,</strong></span> <span class='ocrx_word' id='word_1_120' title='bbox 810 1788 876 1853; x_wconf 91' lang='lat' dir='ltr'><strong>dici</strong></span> <span class='ocrx_word' id='word_1_121' title='bbox 895 1809 963 1854; x_wconf 92' lang='lat' dir='ltr'><strong>uon</strong></span> <span class='ocrx_word' id='word_1_122' title='bbox 985 1798 1106 1873; x_wconf 83' lang='lat' dir='ltr'><strong>potest,</strong></span> <span class='ocrx_word' id='word_1_123' title='bbox 1126 1811 1195 1856; x_wconf 91' lang='lat' dir='ltr'><strong>nou</strong></span> 
     </span>
     <span class='ocr_line' id='line_1_17' title="bbox 107 1871 1197 1958; baseline 0.004 -22"><span class='ocrx_word' id='word_1_124' title='bbox 107 1875 151 1936; x_wconf 85' lang='lat' dir='ltr'><strong>ab</strong></span> <span class='ocrx_word' id='word_1_125' title='bbox 171 1895 239 1938; x_wconf 90' lang='lat' dir='ltr'><strong>uno</strong></span> <span class='ocrx_word' id='word_1_126' title='bbox 261 1875 372 1940; x_wconf 79' lang='lat' dir='ltr'><strong><em>forsan</em></strong></span> <span class='ocrx_word' id='word_1_127' title='bbox 394 1871 576 1958; x_wconf 78' lang='lat' dir='ltr'><strong>prophetl;</strong></span> <span class='ocrx_word' id='word_1_128' title='bbox 611 1873 670 1938; x_wconf 89' lang='lat' dir='ltr'><strong>sed</strong></span> <span class='ocrx_word' id='word_1_129' title='bbox 690 1875 712 1957; x_wconf 70' lang='lat' dir='ltr'><strong>a</strong></span> <span class='ocrx_word' id='word_1_130' title='bbox 734 1875 845 1937; x_wconf 78' lang='lat' dir='ltr'><strong>multis</strong></span> <span class='ocrx_word' id='word_1_131' title='bbox 867 1874 912 1938; x_wconf 85' lang='grc' dir='ltr'><strong>ΙΙ.</strong></span> <span class='ocrx_word' id='word_1_132' title='bbox 940 1876 1094 1940; x_wconf 70' lang='lat' dir='ltr'><strong>Estherce</strong></span> <span class='ocrx_word' id='word_1_133' title='bbox 1113 1877 1197 1940; x_wconf 90' lang='lat' dir='ltr'><strong>liber</strong></span> 
     </span>
     <span class='ocr_line' id='line_1_18' title="bbox 106 1959 1199 2132; baseline 0.003 -22"><span class='ocrx_word' id='word_1_134' title='bbox 106 1963 268 2110; x_wconf 53' lang='lat' dir='ltr'><strong>isitii?</strong></span> <span class='ocrx_word' id='word_1_135' title='bbox 283 1959 489 2111; x_wconf 65' lang='lat' dir='ltr'><strong>”illiti</strong></span> <span class='ocrx_word' id='word_1_136' title='bbox 511 1959 694 2110; x_wconf 56' lang='lat' dir='ltr'><strong>atili</strong></span> <span class='ocrx_word' id='word_1_137' title='bbox 717 1959 1199 2132; x_wconf 48' lang='lat' dir='ltr'><strong>&amp;lilioli-‘²383</strong></span> 
     </span>
     <span class='ocr_line' id='line_1_19' title="bbox 260 2093 1090 2125; baseline 0.001 -1"><span class='ocrx_word' id='word_1_138' title='bbox 260 2093 269 2124; x_wconf 70' lang='lat' dir='ltr'><strong>l</strong></span> <span class='ocrx_word' id='word_1_139' title='bbox 1080 2095 1090 2125; x_wconf 65' lang='grc' dir='ltr'>ἱ</span> 
     </span>
     <span class='ocr_line' id='line_1_20' title="bbox 104 2130 1263 2218; baseline -0.001 -20"><span class='ocrx_word' id='word_1_140' title='bbox 104 2137 332 2215; x_wconf 81' lang='lat' dir='ltr'><strong>captivitatem</strong></span> <span class='ocrx_word' id='word_1_141' title='bbox 357 2131 598 2218; x_wconf 81' lang='lat' dir='ltr'><strong>Babylonicum</strong></span> <span class='ocrx_word' id='word_1_142' title='bbox 620 2131 682 2194; x_wconf 87' lang='lat' dir='ltr'><strong>sub</strong></span> <span class='ocrx_word' id='word_1_143' title='bbox 705 2130 811 2196; x_wconf 88' lang='lat' dir='ltr'><strong>Dario</strong></span> <span class='ocrx_word' id='word_1_144' title='bbox 834 2131 1021 2217; x_wconf 77' lang='lat' dir='ltr'><strong>Hystaspis,</strong></span> <span class='ocrx_word' id='word_1_145' title='bbox 1048 2137 1074 2198; x_wconf 91' lang='lat' dir='ltr'><strong>si</strong></span> <span class='ocrx_word' id='word_1_146' title='bbox 1096 2153 1198 2218; x_wconf 82' lang='lat' dir='ltr'><strong>penes</strong></span> <span class='ocrx_word' id='word_1_147' title='bbox 1260 2135 1263 2142; x_wconf 80' lang='grc'>’</span> 
     </span>
     <span class='ocr_line' id='line_1_21' title="bbox 105 2217 1198 2304; baseline 0 -20"><span class='ocrx_word' id='word_1_148' title='bbox 105 2219 269 2304; x_wconf 87' lang='lat' dir='ltr'><strong>quosdam</strong></span> <span class='ocrx_word' id='word_1_149' title='bbox 295 2218 386 2284; x_wconf 86' lang='lat' dir='ltr'><strong>fides.</strong></span> <span class='ocrx_word' id='word_1_150' title='bbox 443 2219 505 2282; x_wconf 90' lang='lat' dir='ltr'><strong>lll.</strong></span> <span class='ocrx_word' id='word_1_151' title='bbox 530 2217 673 2294; x_wconf 74' lang='lat' dir='ltr'><strong>Esdrus,</strong></span> <span class='ocrx_word' id='word_1_152' title='bbox 702 2218 758 2298; x_wconf 91' lang='lat' dir='ltr'><strong>qui</strong></span> <span class='ocrx_word' id='word_1_153' title='bbox 785 2217 900 2300; x_wconf 87' lang='lat' dir='ltr'><strong>pandit</strong></span> <span class='ocrx_word' id='word_1_154' title='bbox 923 2238 975 2282; x_wconf 89' lang='lat' dir='ltr'><strong>res</strong></span> <span class='ocrx_word' id='word_1_155' title='bbox 999 2221 1034 2284; x_wconf 91' lang='lat' dir='ltr'><strong>in</strong></span> <span class='ocrx_word' id='word_1_156' title='bbox 1057 2217 1198 2284; x_wconf 71' lang='lat' dir='ltr'><strong>ecclesia</strong></span> 
     </span>
     <span class='ocr_line' id='line_1_22' title="bbox 104 2301 1198 2391; baseline 0.001 -21"><span class='ocrx_word' id='word_1_157' title='bbox 104 2313 227 2390; x_wconf 75' lang='lat' dir='ltr'><strong>gestas,</strong></span> <span class='ocrx_word' id='word_1_158' title='bbox 249 2308 269 2368; x_wconf 77' lang='lat' dir='ltr'><strong>a</strong></span> <span class='ocrx_word' id='word_1_159' title='bbox 285 2307 392 2388; x_wconf 89' lang='lat' dir='ltr'><strong>primo</strong></span> <span class='ocrx_word' id='word_1_160' title='bbox 407 2303 495 2369; x_wconf 79' lang='lat' dir='ltr'><strong>anuo</strong></span> <span class='ocrx_word' id='word_1_161' title='bbox 513 2303 594 2389; x_wconf 84' lang='lat' dir='ltr'><strong>Cyri</strong></span> <span class='ocrx_word' id='word_1_162' title='bbox 609 2301 653 2366; x_wconf 88' lang='lat' dir='ltr'><strong>ad</strong></span> <span class='ocrx_word' id='word_1_163' title='bbox 669 2301 864 2368; x_wconf 80' lang='lat' dir='ltr'><strong>Artaxerxis</strong></span> <span class='ocrx_word' id='word_1_164' title='bbox 878 2321 1004 2368; x_wconf 88' lang='lat' dir='ltr'><strong>anuum</strong></span> <span class='ocrx_word' id='word_1_165' title='bbox 1019 2309 1198 2391; x_wconf 88' lang='lat' dir='ltr'><strong>septimum</strong></span> 
     </span>
     <span class='ocr_line' id='line_1_23' title="bbox 106 2387 1201 2472; baseline 0.001 -16"><span class='ocrx_word' id='word_1_166' title='bbox 106 2411 166 2456; x_wconf 83' lang='lat' dir='ltr'><strong>seu</strong></span> <span class='ocrx_word' id='word_1_167' title='bbox 194 2391 251 2454; x_wconf 86' lang='lat' dir='ltr'><strong>hic</strong></span> <span class='ocrx_word' id='word_1_168' title='bbox 276 2393 320 2456; x_wconf 85' lang='lat' dir='ltr'><strong>sit</strong></span> <span class='ocrx_word' id='word_1_169' title='bbox 346 2391 484 2466; x_wconf 86' lang='lat' dir='ltr'><strong>Xerxes,</strong></span> <span class='ocrx_word' id='word_1_170' title='bbox 514 2409 573 2452; x_wconf 89' lang='lat' dir='ltr'><strong>seu</strong></span> <span class='ocrx_word' id='word_1_171' title='bbox 598 2387 835 2472; x_wconf 60' lang='lat' dir='ltr'><strong>longimanus,</strong></span> <span class='ocrx_word' id='word_1_172' title='bbox 867 2409 925 2452; x_wconf 89' lang='lat' dir='ltr'><strong>seu</strong></span> <span class='ocrx_word' id='word_1_173' title='bbox 949 2389 1122 2470; x_wconf 85' lang='lat' dir='ltr'><strong>Mnemon,</strong></span> <span class='ocrx_word' id='word_1_174' title='bbox 1147 2411 1201 2457; x_wconf 85' lang='lat' dir='ltr'><strong>res</strong></span> 
     </span>
     <span class='ocr_line' id='line_1_24' title="bbox 105 2473 1199 2560; baseline 0 -17"><span class='ocrx_word' id='word_1_175' title='bbox 105 2481 196 2543; x_wconf 90' lang='lat' dir='ltr'><strong>enim</strong></span> <span class='ocrx_word' id='word_1_176' title='bbox 210 2481 355 2544; x_wconf 85' lang='lat' dir='ltr'><strong>incerta:</strong></span> <span class='ocrx_word' id='word_1_177' title='bbox 388 2479 556 2560; x_wconf 79' lang='lat' dir='ltr'><strong>scripsisse</strong></span> <span class='ocrx_word' id='word_1_178' title='bbox 572 2477 686 2539; x_wconf 89' lang='lat' dir='ltr'><strong>autem</strong></span> <span class='ocrx_word' id='word_1_179' title='bbox 708 2475 764 2538; x_wconf 89' lang='lat' dir='ltr'><strong>ille</strong></span> <span class='ocrx_word' id='word_1_180' title='bbox 785 2473 974 2539; x_wconf 76' lang='lat' dir='ltr'><strong>creditura</strong></span> <span class='ocrx_word' id='word_1_181' title='bbox 999 2477 1199 2559; x_wconf 88' lang='lat' dir='ltr'><strong>quibusdam</strong></span> 
     </span>
     <span class='ocr_line' id='line_1_25' title="bbox 104 2558 1198 2645; baseline -0.002 -16"><span class='ocrx_word' id='word_1_182' title='bbox 104 2566 196 2629; x_wconf 88' lang='lat' dir='ltr'><strong>circa</strong></span> <span class='ocrx_word' id='word_1_183' title='bbox 205 2562 679 2628; x_wconf 68' lang='lat' dir='ltr'><strong>annsrmsoitlabaliisoitirls.</strong></span> <span class='ocrx_word' id='word_1_184' title='bbox 704 2558 1198 2645; x_wconf 76' lang='lat' dir='ltr'><strong>IV.NeJremias,quidescribit</strong></span> 
     </span>
     <span class='ocr_line' id='line_1_26' title="bbox 103 2647 1198 2733; baseline -0.002 -18"><span class='ocrx_word' id='word_1_185' title='bbox 103 2652 379 2716; x_wconf 75' lang='lat' dir='ltr'><strong>instaurationem</strong></span> <span class='ocrx_word' id='word_1_186' title='bbox 405 2649 494 2713; x_wconf 86' lang='lat' dir='ltr'><strong>urbis</strong></span> <span class='ocrx_word' id='word_1_187' title='bbox 510 2647 729 2722; x_wconf 77' lang='lat' dir='ltr'><strong>Hierusalem,</strong></span> <span class='ocrx_word' id='word_1_188' title='bbox 762 2665 912 2710; x_wconf 89' lang='lat' dir='ltr'><strong>necnon</strong></span> <span class='ocrx_word' id='word_1_189' title='bbox 936 2647 1066 2712; x_wconf 86' lang='lat' dir='ltr'><strong>reducis</strong></span> <span class='ocrx_word' id='word_1_190' title='bbox 1082 2650 1198 2733; x_wconf 91' lang='lat' dir='ltr'><strong>populi</strong></span> 
     </span>
     <span class='ocr_line' id='line_1_27' title="bbox 103 2731 1198 2812; baseline 0 -12"><span class='ocrx_word' id='word_1_191' title='bbox 103 2737 391 2812; x_wconf 82' lang='lat' dir='ltr'><strong>relormationem3</strong></span> <span class='ocrx_word' id='word_1_192' title='bbox 415 2734 694 2798; x_wconf 78' lang='lat' dir='ltr'><strong>Hebreisdicitnr</strong></span> <span class='ocrx_word' id='word_1_193' title='bbox 707 2732 751 2795; x_wconf 91' lang='lat'><strong>11.</strong></span> <span class='ocrx_word' id='word_1_194' title='bbox 768 2731 891 2808; x_wconf 71' lang='lat' dir='ltr'><strong>asam,</strong></span> <span class='ocrx_word' id='word_1_195' title='bbox 903 2740 1095 2800; x_wconf 86' lang='lat' dir='ltr'><strong>contractus</strong></span> <span class='ocrx_word' id='word_1_196' title='bbox 1106 2754 1198 2800; x_wconf 85' lang='lat' dir='ltr'><strong>neur-</strong></span> 
     </span>
     <span class='ocr_line' id='line_1_28' title="bbox 106 2819 1198 2908; baseline -0.001 -21"><span class='ocrx_word' id='word_1_197' title='bbox 106 2843 148 2908; x_wconf 90' lang='lat' dir='ltr'><strong>pe</strong></span> <span class='ocrx_word' id='word_1_198' title='bbox 162 2841 242 2887; x_wconf 90' lang='lat' dir='ltr'><strong>cum</strong></span> <span class='ocrx_word' id='word_1_199' title='bbox 256 2821 341 2885; x_wconf 92' lang='lat' dir='ltr'><strong>libro</strong></span> <span class='ocrx_word' id='word_1_200' title='bbox 359 2820 471 2886; x_wconf 79' lang='lat' dir='ltr'><strong>Esdrm</strong></span> <span class='ocrx_word' id='word_1_201' title='bbox 482 2823 517 2884; x_wconf 88' lang='lat' dir='ltr'><strong>iu</strong></span> <span class='ocrx_word' id='word_1_202' title='bbox 529 2820 681 2884; x_wconf 83' lang='lat' dir='ltr'><strong>volumen</strong></span> <span class='ocrx_word' id='word_1_203' title='bbox 697 2839 810 2884; x_wconf 89' lang='lat' dir='ltr'><strong>unum.</strong></span> <span class='ocrx_word' id='word_1_204' title='bbox 857 2819 1017 2886; x_wconf 85' lang='lat' dir='ltr'><strong>Continet</strong></span> <span class='ocrx_word' id='word_1_205' title='bbox 1027 2821 1198 2886; x_wconf 80' lang='lat' dir='ltr'><strong>historiam</strong></span> 
     </span>
     <span class='ocr_line' id='line_1_29' title="bbox 103 2900 1198 2974; baseline 0 -2"><span class='ocrx_word' id='word_1_206' title='bbox 103 2911 146 2972; x_wconf 82' lang='lat' dir='ltr'><strong>ab</strong></span> <span class='ocrx_word' id='word_1_207' title='bbox 161 2927 193 2971; x_wconf 85' lang='lat' dir='ltr'><strong>a.</strong></span> <span class='ocrx_word' id='word_1_208' title='bbox 206 2927 263 2972; x_wconf 87' lang='lat' dir='ltr'><strong>xx.</strong></span> <span class='ocrx_word' id='word_1_209' title='bbox 280 2907 474 2972; x_wconf 82' lang='lat' dir='ltr'><strong>Artaxerxis</strong></span> <span class='ocrx_word' id='word_1_210' title='bbox 484 2906 527 2970; x_wconf 91' lang='lat' dir='ltr'><strong>ad</strong></span> <span class='ocrx_word' id='word_1_211' title='bbox 539 2905 637 2970; x_wconf 85' lang='lat' dir='ltr'><strong>finem</strong></span> <span class='ocrx_word' id='word_1_212' title='bbox 650 2900 855 2970; x_wconf 77' lang='lat' dir='ltr'><strong>Monarchire</strong></span> <span class='ocrx_word' id='word_1_213' title='bbox 868 2905 1006 2971; x_wconf 76' lang='lat' dir='ltr'><strong>Persica</strong></span> <span class='ocrx_word' id='word_1_214' title='bbox 1019 2910 1081 2972; x_wconf 90' lang='lat' dir='ltr'><strong>sub</strong></span> <span class='ocrx_word' id='word_1_215' title='bbox 1093 2907 1198 2974; x_wconf 88' lang='lat' dir='ltr'><strong>Dario</strong></span> 
     </span>
     <span class='ocr_line' id='line_1_30' title="bbox 109 2991 1210 3069; baseline -0.002 -11"><span class='ocrx_word' id='word_1_216' title='bbox 109 2993 342 3069; x_wconf 82' lang='lat' dir='ltr'><strong>Codomauno,</strong></span> <span class='ocrx_word' id='word_1_217' title='bbox 357 2999 391 3057; x_wconf 87' lang='lat' dir='ltr'><strong>et</strong></span> <span class='ocrx_word' id='word_1_218' title='bbox 403 2991 537 3058; x_wconf 83' lang='lat' dir='ltr'><strong>laddua</strong></span> <span class='ocrx_word' id='word_1_219' title='bbox 548 3011 677 3054; x_wconf 89' lang='lat' dir='ltr'><strong>summo</strong></span> <span class='ocrx_word' id='word_1_220' title='bbox 694 2991 865 3056; x_wconf 83' lang='lat' dir='ltr'><strong>Pontifice.</strong></span> <span class='ocrx_word' id='word_1_221' title='bbox 910 2991 954 3055; x_wconf 89' lang='lat' dir='ltr'><strong>V.</strong></span> <span class='ocrx_word' id='word_1_222' title='bbox 971 2992 1104 3058; x_wconf 82' lang='lat' dir='ltr'><strong>Psalmi</strong></span> <span class='ocrx_word' id='word_1_223' title='bbox 1118 2993 1210 3058; x_wconf 81' lang='lat' dir='ltr'><strong>dioti-</strong></span> 
     </span>
     <span class='ocr_line' id='line_1_31' title="bbox 107 3075 1201 3162; baseline -0.003 -18"><span class='ocrx_word' id='word_1_224' title='bbox 107 3077 261 3155; x_wconf 77' lang='lat' dir='ltr'><strong>Doridis,</strong></span> <span class='ocrx_word' id='word_1_225' title='bbox 277 3078 367 3162; x_wconf 88' lang='lat' dir='ltr'><strong>quod</strong></span> <span class='ocrx_word' id='word_1_226' title='bbox 379 3075 701 3162; x_wconf 75' lang='lat' dir='ltr'><strong>pleriqueiDaride</strong></span> <span class='ocrx_word' id='word_1_227' title='bbox 712 3079 890 3158; x_wconf 82' lang='lat' dir='ltr'><strong>conscripti</strong></span> <span class='ocrx_word' id='word_1_228' title='bbox 902 3079 978 3140; x_wconf 87' lang='lat' dir='ltr'><strong>sint.</strong></span> <span class='ocrx_word' id='word_1_229' title='bbox 1015 3079 1082 3142; x_wconf 84' lang='lat' dir='ltr'><strong>Alii</strong></span> <span class='ocrx_word' id='word_1_230' title='bbox 1100 3079 1201 3156; x_wconf 82' lang='lat' dir='ltr'><strong>Masi,</strong></span> 
     </span>
     <span class='ocr_line' id='line_1_32' title="bbox 107 3161 1201 3248; baseline 0 -20"><span class='ocrx_word' id='word_1_231' title='bbox 107 3166 292 3242; x_wconf 82' lang='lat' dir='ltr'><strong>Salomoni,</strong></span> <span class='ocrx_word' id='word_1_232' title='bbox 328 3163 476 3248; x_wconf 83' lang='lat' dir='ltr'><strong>Asaplro,</strong></span> <span class='ocrx_word' id='word_1_233' title='bbox 510 3161 665 3234; x_wconf 89' lang='lat' dir='ltr'><strong>Hemani,</strong></span> <span class='ocrx_word' id='word_1_234' title='bbox 700 3161 823 3222; x_wconf 83' lang='lat' dir='ltr'><strong>Ethani</strong></span> <span class='ocrx_word' id='word_1_235' title='bbox 852 3161 1032 3242; x_wconf 71' lang='lat' dir='ltr'><strong>adscripti,</strong></span> <span class='ocrx_word' id='word_1_236' title='bbox 1066 3162 1201 3244; x_wconf 85' lang='lat' dir='ltr'><strong>quidam</strong></span> 
     </span>
     <span class='ocr_line' id='line_1_33' title="bbox 106 3245 1202 3334; baseline -0.003 -18"><span class='ocrx_word' id='word_1_237' title='bbox 106 3251 293 3316; x_wconf 88' lang='lat' dir='ltr'><strong>creduntur</strong></span> <span class='ocrx_word' id='word_1_238' title='bbox 318 3249 494 3334; x_wconf 85' lang='lat' dir='ltr'><strong>compositi</strong></span> <span class='ocrx_word' id='word_1_239' title='bbox 518 3253 594 3331; x_wconf 87' lang='lat' dir='ltr'><strong>post</strong></span> <span class='ocrx_word' id='word_1_240' title='bbox 611 3246 857 3329; x_wconf 50' lang='lat' dir='ltr'><strong>¹captivitatem.</strong></span> <span class='ocrx_word' id='word_1_241' title='bbox 902 3245 1036 3310; x_wconf 85' lang='lat' dir='ltr'><strong>Nomen</strong></span> <span class='ocrx_word' id='word_1_242' title='bbox 1063 3247 1202 3313; x_wconf 87' lang='lat' dir='ltr'><strong>Daridis</strong></span> 
     </span>
    </p>
   </div>
   <div class='ocr_carea' id='block_1_9' title="bbox 7 3331 1203 3421">
    <p class='ocr_par' dir='ltr' id='par_1_9' title="bbox 7 3331 1203 3421">
     <span class='ocr_line' id='line_1_34' title="bbox 7 3331 1203 3421; baseline -0.002 -21"><span class='ocrx_word' id='word_1_243' title='bbox 7 3397 8 3410; x_wconf 66' lang='grc'>,</span> <span class='ocrx_word' id='word_1_244' title='bbox 107 3338 291 3421; x_wconf 81' lang='lat' dir='ltr'><strong>prrslerunl</strong></span> <span class='ocrx_word' id='word_1_245' title='bbox 318 3337 431 3400; x_wconf 78' lang='lat' dir='ltr'><strong>lxxxii.</strong></span> <span class='ocrx_word' id='word_1_246' title='bbox 469 3336 538 3398; x_wconf 89' lang='lat' dir='ltr'><strong>sine</strong></span> <span class='ocrx_word' id='word_1_247' title='bbox 565 3335 779 3414; x_wconf 87' lang='lat' dir='ltr'><strong>inscriptione</strong></span> <span class='ocrx_word' id='word_1_248' title='bbox 804 3337 883 3394; x_wconf 78' lang='lat' dir='ltr'><strong>suot</strong></span> <span class='ocrx_word' id='word_1_249' title='bbox 903 3351 983 3396; x_wconf 85' lang='lat' dir='ltr'><strong>xxv.</strong></span> <span class='ocrx_word' id='word_1_250' title='bbox 1028 3331 1203 3416; x_wconf 77' lang='lat' dir='ltr'><strong>Lightioot</strong></span> 
     </span>
    </p>
   </div>
   <div class='ocr_carea' id='block_1_10' title="bbox 7 4221 10 4336">
    <p class='ocr_par' dir='ltr' id='par_1_10' title="bbox 7 4221 10 4336">
     <span class='ocr_line' id='line_1_35' title="bbox 7 4221 10 4336; baseline 0 0"><span class='ocrx_word' id='word_1_251' title='bbox 7 4221 10 4336; x_wconf 84' lang='lat' dir='ltr'><strong>l</strong></span> 
     </span>
    </p>
   </div>
   <div class='ocr_carea' id='block_1_11' title="bbox 105 3416 1260 4272">
    <p class='ocr_par' dir='ltr' id='par_1_11' title="bbox 105 3416 1260 4272">
     <span class='ocr_line' id='line_1_36' title="bbox 109 3416 1203 3504; baseline -0.001 -18"><span class='ocrx_word' id='word_1_252' title='bbox 109 3421 218 3486; x_wconf 84' lang='lat' dir='ltr'><strong>credit</strong></span> <span class='ocrx_word' id='word_1_253' title='bbox 245 3422 296 3485; x_wconf 89' lang='lat' dir='ltr'><strong>Ps.</strong></span> <span class='ocrx_word' id='word_1_254' title='bbox 315 3421 467 3494; x_wconf 76' lang='lat' dir='ltr'><strong>lxxxriii.</strong></span> <span class='ocrx_word' id='word_1_255' title='bbox 493 3425 528 3484; x_wconf 88' lang='lat' dir='ltr'><strong>et</strong></span> <span class='ocrx_word' id='word_1_256' title='bbox 554 3419 682 3482; x_wconf 84' lang='lat' dir='ltr'><strong>lxxxix.</strong></span> <span class='ocrx_word' id='word_1_257' title='bbox 708 3420 849 3500; x_wconf 88' lang='lat' dir='ltr'><strong>scriptos</strong></span> <span class='ocrx_word' id='word_1_258' title='bbox 874 3416 918 3480; x_wconf 88' lang='lat' dir='ltr'><strong>A.</strong></span> <span class='ocrx_word' id='word_1_259' title='bbox 934 3417 984 3481; x_wconf 91' lang='lat' dir='ltr'><strong>M.</strong></span> <span class='ocrx_word' id='word_1_260' title='bbox 1008 3419 1104 3485; x_wconf 81' lang='lat'><strong>2409.</strong></span> <span class='ocrx_word' id='word_1_261' title='bbox 1135 3441 1203 3504; x_wconf 90' lang='lat' dir='ltr'><strong>quo</strong></span> 
     </span>
     <span class='ocr_line' id='line_1_37' title="bbox 105 3501 1204 3592; baseline 0.002 -22"><span class='ocrx_word' id='word_1_262' title='bbox 105 3515 259 3591; x_wconf 86' lang='lat' dir='ltr'><strong>tempore</strong></span> <span class='ocrx_word' id='word_1_263' title='bbox 277 3509 513 3592; x_wconf 87' lang='lat' dir='ltr'><strong>premebantur</strong></span> <span class='ocrx_word' id='word_1_264' title='bbox 531 3505 649 3569; x_wconf 77' lang='lat' dir='ltr'><strong>laconi</strong></span> <span class='ocrx_word' id='word_1_265' title='bbox 671 3506 793 3586; x_wconf 86' lang='lat' dir='ltr'><strong>posteri</strong></span> <span class='ocrx_word' id='word_1_266' title='bbox 808 3505 968 3568; x_wconf 83' lang='lat' dir='ltr'><strong>servitute</strong></span> <span class='ocrx_word' id='word_1_267' title='bbox 987 3501 1204 3591; x_wconf 81' lang='lat' dir='ltr'><strong>AEgyptlacs.</strong></span> 
     </span>
     <span class='ocr_line' id='line_1_38' title="bbox 110 3589 1204 3660; baseline -0.001 -3"><span class='ocrx_word' id='word_1_268' title='bbox 110 3593 172 3658; x_wconf 83' lang='lat' dir='ltr'><strong>Vl.</strong></span> <span class='ocrx_word' id='word_1_269' title='bbox 197 3591 457 3660; x_wconf 82' lang='lat' dir='ltr'><strong>Proverbioraru</strong></span> <span class='ocrx_word' id='word_1_270' title='bbox 479 3591 559 3654; x_wconf 90' lang='lat' dir='ltr'><strong>liber</strong></span> <span class='ocrx_word' id='word_1_271' title='bbox 578 3593 799 3654; x_wconf 85' lang='lat' dir='ltr'><strong>concinnatus</strong></span> <span class='ocrx_word' id='word_1_272' title='bbox 813 3609 857 3654; x_wconf 82' lang='lat' dir='ltr'><strong>ex</strong></span> <span class='ocrx_word' id='word_1_273' title='bbox 872 3589 1061 3656; x_wconf 83' lang='lat' dir='ltr'><strong>Salomonis.</strong></span> <span class='ocrx_word' id='word_1_274' title='bbox 1074 3601 1204 3656; x_wconf 86' lang='lat' dir='ltr'><strong>senten-</strong></span> 
     </span>
     <span class='ocr_line' id='line_1_39' title="bbox 111 3675 1204 3764; baseline -0.001 -21"><span class='ocrx_word' id='word_1_275' title='bbox 111 3681 177 3757; x_wconf 90' lang='lat' dir='ltr'><strong>tiis,</strong></span> <span class='ocrx_word' id='word_1_276' title='bbox 194 3686 314 3764; x_wconf 79' lang='lat' dir='ltr'><strong>preter</strong></span> <span class='ocrx_word' id='word_1_277' title='bbox 329 3677 480 3762; x_wconf 74' lang='lat' dir='ltr'><strong>quiedam</strong></span> <span class='ocrx_word' id='word_1_278' title='bbox 493 3678 614 3760; x_wconf 82' lang='lat' dir='ltr'><strong>capita,</strong></span> <span class='ocrx_word' id='word_1_279' title='bbox 629 3695 688 3740; x_wconf 87' lang='lat' dir='ltr'><strong>seu</strong></span> <span class='ocrx_word' id='word_1_280' title='bbox 700 3675 877 3740; x_wconf 87' lang='lat' dir='ltr'><strong>Salomone</strong></span> <span class='ocrx_word' id='word_1_281' title='bbox 888 3677 959 3759; x_wconf 86' lang='lat' dir='ltr'><strong>ipso</strong></span> <span class='ocrx_word' id='word_1_282' title='bbox 971 3678 1204 3754; x_wconf 84' lang='lat' dir='ltr'><strong>concinnante,</strong></span> 
     </span>
     <span class='ocr_line' id='line_1_40' title="bbox 110 3759 1205 3848; baseline -0.002 -19"><span class='ocrx_word' id='word_1_283' title='bbox 110 3785 171 3829; x_wconf 89' lang='lat' dir='ltr'><strong>seu</strong></span> <span class='ocrx_word' id='word_1_284' title='bbox 184 3765 393 3848; x_wconf 72' lang='lat' dir='ltr'><strong>pastaliquo</strong></span> <span class='ocrx_word' id='word_1_285' title='bbox 407 3763 661 3846; x_wconf 87' lang='lat' dir='ltr'><strong>Prophetarum,</strong></span> <span class='ocrx_word' id='word_1_286' title='bbox 684 3759 781 3824; x_wconf 83' lang='lat' dir='ltr'><strong>Prov.</strong></span> <span class='ocrx_word' id='word_1_287' title='bbox 793 3780 873 3824; x_wconf 83' lang='lat' dir='ltr'><strong>xxv.</strong></span> <span class='ocrx_word' id='word_1_288' title='bbox 889 3762 915 3824; x_wconf 92' lang='lat' dir='ltr'><strong>l.</strong></span> <span class='ocrx_word' id='word_1_289' title='bbox 953 3761 1030 3824; x_wconf 84' lang='lat' dir='ltr'><strong>vll.</strong></span> <span class='ocrx_word' id='word_1_290' title='bbox 1056 3760 1205 3826; x_wconf 63' lang='lat' dir='ltr'><strong>Bochai·</strong></span> 
     </span>
     <span class='ocr_line' id='line_1_41' title="bbox 107 3847 1260 3930; baseline -0.007 -14"><span class='ocrx_word' id='word_1_291' title='bbox 107 3857 202 3916; x_wconf 71' lang='lat' dir='ltr'><strong>astes</strong></span> <span class='ocrx_word' id='word_1_292' title='bbox 216 3851 335 3915; x_wconf 88' lang='lat' dir='ltr'><strong>eodem</strong></span> <span class='ocrx_word' id='word_1_293' title='bbox 350 3849 528 3914; x_wconf 85' lang='lat' dir='ltr'><strong>Salomone</strong></span> <span class='ocrx_word' id='word_1_294' title='bbox 539 3854 678 3912; x_wconf 91' lang='lat' dir='ltr'><strong>auctore</strong></span> <span class='ocrx_word' id='word_1_295' title='bbox 692 3855 743 3910; x_wconf 84' lang='lat' dir='ltr'><strong>est</strong></span> <span class='ocrx_word' id='word_1_296' title='bbox 754 3849 845 3930; x_wconf 84' lang='lat' dir='ltr'><strong>quasi</strong></span> <span class='ocrx_word' id='word_1_297' title='bbox 858 3849 976 3910; x_wconf 90' lang='lat' dir='ltr'><strong>concio</strong></span> <span class='ocrx_word' id='word_1_298' title='bbox 988 3847 1206 3929; x_wconf 76' lang='lat' dir='ltr'><strong>Puniteutim,</strong></span> <span class='ocrx_word' id='word_1_299' title='bbox 1258 3903 1260 3908; x_wconf 88' lang='grc'><em>,</em></span> 
     </span>
     <span class='ocr_line' id='line_1_42' title="bbox 109 3932 1206 4018; baseline -0.005 -16"><span class='ocrx_word' id='word_1_300' title='bbox 109 3947 146 4002; x_wconf 89' lang='lat' dir='ltr'><strong>et</strong></span> <span class='ocrx_word' id='word_1_301' title='bbox 162 3941 295 4000; x_wconf 79' lang='lat' dir='ltr'><strong>tuntum</strong></span> <span class='ocrx_word' id='word_1_302' title='bbox 307 3936 414 4008; x_wconf 86' lang='lat' dir='ltr'><strong>abest,</strong></span> <span class='ocrx_word' id='word_1_303' title='bbox 436 3941 474 3998; x_wconf 88' lang='lat' dir='ltr'><strong>ut</strong></span> <span class='ocrx_word' id='word_1_304' title='bbox 490 3941 629 4018; x_wconf 78' lang='lat' dir='ltr'><strong>negetur</strong></span> <span class='ocrx_word' id='word_1_305' title='bbox 644 3934 678 3996; x_wconf 93' lang='lat' dir='ltr'><strong>iu</strong></span> <span class='ocrx_word' id='word_1_306' title='bbox 698 3951 740 3996; x_wconf 79' lang='lat' dir='ltr'><strong>es</strong></span> <span class='ocrx_word' id='word_1_307' title='bbox 759 3935 945 3998; x_wconf 88' lang='lat' dir='ltr'><strong>animarum</strong></span> <span class='ocrx_word' id='word_1_308' title='bbox 965 3932 1206 4012; x_wconf 76' lang='lat' dir='ltr'><strong>immortalitas,</strong></span> 
     </span>
     <span class='ocr_line' id='line_1_43' title="bbox 109 4015 1207 4106; baseline -0.002 -20"><span class='ocrx_word' id='word_1_309' title='bbox 109 4023 204 4105; x_wconf 85' lang='lat' dir='ltr'><strong>qnod</strong></span> <span class='ocrx_word' id='word_1_310' title='bbox 230 4025 251 4086; x_wconf 73' lang='lat' dir='ltr'><strong>a</strong></span> <span class='ocrx_word' id='word_1_311' title='bbox 276 4023 422 4106; x_wconf 78' lang='lat' dir='ltr'><strong>prolenis</strong></span> <span class='ocrx_word' id='word_1_312' title='bbox 448 4019 582 4095; x_wconf 90' lang='lat' dir='ltr'><strong>dicitur,</strong></span> <span class='ocrx_word' id='word_1_313' title='bbox 613 4023 652 4082; x_wconf 89' lang='lat' dir='ltr'><strong>ut</strong></span> <span class='ocrx_word' id='word_1_314' title='bbox 671 4015 716 4080; x_wconf 86' lang='lat' dir='ltr'><strong>sd</strong></span> <span class='ocrx_word' id='word_1_315' title='bbox 737 4035 810 4080; x_wconf 87' lang='lat' dir='ltr'><strong>eam</strong></span> <span class='ocrx_word' id='word_1_316' title='bbox 832 4015 1092 4082; x_wconf 83' lang='lat' dir='ltr'><strong>confirmandam</strong></span> <span class='ocrx_word' id='word_1_317' title='bbox 1115 4024 1207 4084; x_wconf 86' lang='lat' dir='ltr'><strong>totus</strong></span> 
     </span>
     <span class='ocr_line' id='line_1_44' title="bbox 108 4102 1208 4194; baseline -0.003 -22"><span class='ocrx_word' id='word_1_318' title='bbox 108 4107 197 4174; x_wconf 86' lang='lat' dir='ltr'><strong>liber</strong></span> <span class='ocrx_word' id='word_1_319' title='bbox 212 4114 427 4194; x_wconf 83' lang='lat' dir='ltr'><strong>comparatus</strong></span> <span class='ocrx_word' id='word_1_320' title='bbox 442 4109 495 4170; x_wconf 88' lang='lat' dir='ltr'><strong>sit.</strong></span> <span class='ocrx_word' id='word_1_321' title='bbox 540 4103 640 4169; x_wconf 85' lang='lat' dir='ltr'><strong>Vlll.</strong></span> <span class='ocrx_word' id='word_1_322' title='bbox 667 4105 882 4166; x_wconf 74' lang='lat' dir='ltr'><strong>canticoram</strong></span> <span class='ocrx_word' id='word_1_323' title='bbox 899 4102 1085 4182; x_wconf 78' lang='lat' dir='ltr'><strong>Canticum,</strong></span> <span class='ocrx_word' id='word_1_324' title='bbox 1116 4103 1208 4189; x_wconf 86' lang='lat' dir='ltr'><strong>quod</strong></span> 
     </span>
     <span class='ocr_line' id='line_1_45' title="bbox 110 4190 1206 4272; baseline -0.003 -14"><span class='ocrx_word' id='word_1_325' title='bbox 110 4194 238 4260; x_wconf 89' lang='lat' dir='ltr'><strong>dicitur</strong></span> <span class='ocrx_word' id='word_1_326' title='bbox 253 4197 453 4268; x_wconf 89' lang='lat' dir='ltr'><strong>Salomonis,</strong></span> <span class='ocrx_word' id='word_1_327' title='bbox 474 4197 509 4256; x_wconf 86' lang='lat' dir='ltr'><strong>et</strong></span> <span class='ocrx_word' id='word_1_328' title='bbox 523 4192 569 4262; x_wconf 68' lang='lat' dir='ltr'><strong>de,</strong></span> <span class='ocrx_word' id='word_1_329' title='bbox 581 4190 757 4256; x_wconf 88' lang='lat' dir='ltr'><strong>Salomone</strong></span> <span class='ocrx_word' id='word_1_330' title='bbox 775 4197 845 4253; x_wconf 90' lang='lat' dir='ltr'><strong>tum</strong></span> <span class='ocrx_word' id='word_1_331' title='bbox 861 4193 987 4272; x_wconf 83' lang='lat' dir='ltr'><strong>typico,</strong></span> <span class='ocrx_word' id='word_1_332' title='bbox 1021 4197 1092 4254; x_wconf 92' lang='lat' dir='ltr'><strong>tum</strong></span> <span class='ocrx_word' id='word_1_333' title='bbox 1114 4209 1206 4256; x_wconf 86' lang='lat' dir='ltr'><strong>vero.</strong></span> 
     </span>
    </p>
   </div>
   <div class='ocr_carea' id='block_1_12' title="bbox 108 4273 1207 4362">
    <p class='ocr_par' dir='ltr' id='par_1_12' title="bbox 108 4273 1207 4362">
     <span class='ocr_line' id='line_1_46' title="bbox 108 4273 1207 4362; baseline -0.009 -14"><span class='ocrx_word' id='word_1_334' title='bbox 108 4279 176 4348; x_wconf 79' lang='lat' dir='ltr'><strong>lx.</strong></span> <span class='ocrx_word' id='word_1_335' title='bbox 199 4283 262 4352; x_wconf 76' lang='lat' dir='ltr'><strong>Joo</strong></span> <span class='ocrx_word' id='word_1_336' title='bbox 272 4273 847 4362; x_wconf 84' lang='lat' dir='ltr'><strong>incertoauctore,juxtaquosdam</strong></span> <span class='ocrx_word' id='word_1_337' title='bbox 859 4273 978 4356; x_wconf 86' lang='lat' dir='ltr'><strong>Mose;</strong></span> <span class='ocrx_word' id='word_1_338' title='bbox 1005 4277 1107 4360; x_wconf 82' lang='lat' dir='ltr'><strong>juxta</strong></span> <span class='ocrx_word' id='word_1_339' title='bbox 1125 4276 1207 4340; x_wconf 89' lang='lat' dir='ltr'><strong>alios</strong></span> 
     </span>
    </p>
   </div>
   <div class='ocr_carea' id='block_1_13' title="bbox 0 0 1528 4998">
    <p class='ocr_par' dir='ltr' id='par_1_13' title="bbox 0 0 1528 4998">
     <span class='ocr_line' id='line_1_47' title="bbox 0 0 1528 4998; baseline 0 0"><span class='ocrx_word' id='word_1_340' title='bbox 0 0 1528 4998; x_wconf 95' lang='lat' dir='ltr'><strong> </strong></span> 
     </span>
    </p>
   </div>
  </div>
 </body>
</html>
