3032 4998
212 507 215 522 ,
348 439 389 504 26
612 477 620 484 -
659 447 861 500 rusonoers
883 444 1107 496 cuurmsrrs.
1301 429 1387 516 [nst.
1405 431 1434 496 t.

350 615 574 690 scientiarum,
600 627 671 691 qum
693 607 925 668 auctoritatem
941 620 1032 664 snam
1048 599 1182 666 aliunde
1197 619 1263 664 non
1280 610 1436 666 mutuan-

246 755 249 762 .
350 711 416 774 tur,
433 699 488 763 sed
501 713 559 777 per
570 713 603 756 se
619 696 843 765 innotescunt,
858 695 892 750 et
904 697 1006 750 semet
1018 692 1088 768 ipsa
1100 687 1256 768 probaut;
1278 689 1435 770 idemque

350 787 526 852 dicendum
542 779 584 842 de
600 779 705 840 ‘verbo
729 777 804 852 Dei,
831 773 919 856 quod
941 781 990 834 est
1010 774 1127 834 summi
1150 776 1252 834 nostri
1276 777 1433 855 principis

351 876 407 938 lex
431 881 532 953 arque
558 863 714 934 edictum,
740 880 780 924 ac
800 860 842 922 de
864 859 1001 939 legibus,
1027 869 1098 938 quae
1112 859 1132 917 d
1146 857 1296 932 subditis,
1312 861 1434 940 quibus

351 962 514 1029 teruntur,
535 949 786 1032 dproeconrbus,
812 945 930 1026 quibus
945 941 1184 1024 promulganda
1205 943 1338 1018 dantur,
1365 963 1433 1006 noa

351 1049 547 1108 mutuantur
566 1035 811 1105 auctoritatem,
826 1031 883 1092 sed
894 1029 984 1092 illam
1002 1031 1096 1090 unice
1111 1028 1262 1090 babenti
1273 1028 1434 1112 principe,

351 1131 407 1212 qui
423 1147 478 1190 eas
493 1123 641 1188 sancivit.

395 1215 458 1277 111.
483 1213 561 1274 Non
592 1207 693 1286 igitur
723 1220 815 1264 suam
842 1200 885 1262 ab
911 1195 1049 1279 ecclesii
1079 1199 1162 1280 petit
1185 1203 1433 1277 auctoritatem,

352 1299 439 1384 quod
457 1295 605 1379 pluribus
620 1292 809 1352 evincemus
824 1287 1036 1367 argumentis,
1059 1292 1231 1366 postquam
1248 1305 1315 1348 uno
1331 1287 1433 1350 verbo

350 1374 906 1450 monuerimus,Arsctoritutemmse
912 1389 954 1431 ex
965 1389 1084 1449 genere
1092 1387 1290 1451 rerumquae
1296 1371 1338 1433 ad
1350 1372 1434 1434 alias

350 1471 550 1539 referuntur,
566 1468 599 1524 et
612 1459 731 1522 babere
745 1458 788 1519 ad
803 1475 863 1520 nos
874 1461 1071 1536 respectum,
1087 1457 1165 1535 quia
1175 1456 1257 1518 nibil
1267 1456 1357 1520 aliud
1371 1465 1433 1532 cst,

351 1561 391 1618 ut
415 1549 672 1618 observavimus,
702 1544 799 1623 qudm
822 1541 877 1623 jus
904 1559 964 1601 nos
989 1538 1156 1620 obligandi
1182 1539 1225 1602 ad
1251 1561 1434 1618 assensum,

350 1640 546 1720 obsequium
572 1639 607 1695 et
630 1628 727 1692 fidem
753 1645 868 1688 eorum
893 1644 964 1706 qure
984 1623 1152 1699 dicuntur,
1174 1627 1374 1690 mandantur
1398 1637 1434 1692 et

351 1725 598 1809 promittuntur.
646 1713 749 1795 quue
769 1712 991 1785 observamus,
1013 1713 1128 1792 nequis
1150 1709 1241 1774 dicat
1261 1714 1294 1776 in
1317 1731 1351 1776 se
1372 1731 1433 1776 au·

350 1811 531 1875 theuticam
554 1822 624 1867 esse
645 1801 861 1880 Scripturam,
883 1801 999 1876 utpote
1020 1798 1040 1858 d
1063 1796 1137 1857 Deo
1157 1797 1352 1878 prolectam,
1373 1799 1434 1862 sed

351 1899 447 1958 istam
469 1891 703 1956 auctoritatem
727 1881 838 1965 quoad
860 1899 921 1944 nos
941 1899 1008 1944 uou
1031 1880 1192 1956 obtinere,
1215 1885 1276 1945 uisi
1297 1892 1436 1967 propter

353 1977 511 2045 Ecclesia
527 1971 763 2038 testimonium.
1113 1987 1115 1995 .

395 2063 457 2128 IV.
481 2060 663 2126 Probamus
678 2059 789 2116 autem
806 2052 1010 2133 scripturam
1027 2069 1093 2114 non
1110 2052 1232 2118 babere
1243 2071 1336 2118 snam
1352 2073 1434 2119 auc·

350 2153 519 2216 toritatem
534 2145 576 2208 ab
594 2135 754 2213 Ecclesil,
776 2138 987 2220 sequentibus
1002 2143 1214 2219 argumentis.

303 2225 355 2244 '⁰‘
394 2234 520 2308 Primo,
542 2232 568 2292 si
591 2229 768 2308 Scriptura
790 2227 971 2284 autcoritas
994 2221 1036 2284 ab
1059 2223 1216 2287 Ecclesia
1240 2227 1433 2289 testimonio

333 2317 583 2404 suspendatur,
597 2313 779 2376 auctoritas
794 2305 907 2371 diviua
922 2307 1072 2370 bumana
1086 2310 1291 2392 subjicietur,
1304 2320 1338 2375 et
1356 2313 1433 2374 Deo

350 2408 480 2473 tantum
501 2400 672 2466 credemus
695 2399 829 2479 propter
850 2393 1019 2456 bominum
1044 2397 1288 2459 testimouium:
1319 2399 1367 2460 sio
1390 2399 1434 2460 de

349 2495 490 2560 misano
506 2487 674 2552 arbitrata
690 2481 868 2544 Divinitas
877 2479 1117 2560 pensitaretur,
1132 2485 1164 2544 et
1173 2481 1264 2544 tomo
1271 2485 1347 2566 jam
1360 2481 1432 2546 Deo

350 2598 422 2643 esse
442 2573 614 2660 propitius
639 2567 786 2642 auderet,
810 2571 847 2627 ut
870 2566 951 2626 scite
972 2583 1039 2625 non
1065 2567 1098 2627 in
1120 2566 1247 2642 eodem,
1274 2571 1307 2630 in
1334 2568 1433 2631 simili

350 2671 462 2728 tamen
491 2661 688 2740 argumento
718 2652 864 2733 loquitur
893 2648 1129 2712 Tertullianus.
1181 2651 1228 2713 At
1250 2652 1433 2716 absurdum

350 2747 530 2834 posterius:
563 2758 642 2823 ergo
668 2742 701 2800 et
723 2738 832 2818 prius3
862 2735 971 2798 minor
985 2740 1035 2796 est
1050 2735 1304 2813 evidentissima,
1324 2743 1435 2820 major

350 2841 401 2901 est
412 2833 511 2905 clara,
526 2844 603 2889 uam
617 2822 773 2886 Ecclesia
784 2820 1009 2882 testimonium
1026 2819 1195 2883 bominum
1207 2825 1433 2886 testimouium

351 2925 411 2995 est,
443 2911 600 3000 siquidem
629 2907 780 2970 Ecclesia
804 2923 846 2966 ex
869 2903 966 2965 meris
992 2902 1178 2968 bominibus
1204 2915 1345 2985 constat,
1376 2913 1433 2992 qui

352 3004 501 3071 homines
515 3017 582 3060 non
597 2999 674 3058 sunt
685 2993 836 3058 brionum.

394 3085 553 3159 Secundo,
575 3084 601 3144 si
617 3079 793 3160 Scriptura
808 3077 989 3139 auctoritas
1004 3075 1113 3159 quoad
1134 3097 1194 3140 uos
1212 3079 1256 3141 ab
1275 3081 1433 3143 Ecclesiae

351 3173 540 3242 testimonio
568 3163 800 3250 suspendatur,
835 3161 1007 3225 credemus
1036 3165 1165 3224 tanturn
1194 3161 1258 3227 lide
1289 3165 1436 3230 bomani

351 3263 554 3342 scripturam
565 3271 636 3315 esse
647 3249 802 3312 divinam.
846 3245 892 3308 At
903 3244 1082 3309 absordum
1093 3253 1142 3310 est
1152 3247 1273 3325 dicere,
1288 3266 1348 3313 uos
1363 3271 1435 3316 ere·

352 3347 431 3410 dere
445 3345 575 3406 tantum
590 3335 654 3398 fide
670 3327 815 3396 bumand
830 3331 1033 3423 Sojipturarn
1048 3351 1119 3394 esse
1139 3331 1295 3400 divinam.
1340 3337 1435 3419 Ergo

352 3437 413 3497 abc.
458 3427 569 3508 Major
582 3419 741 3504 probatur
755 3435 797 3480 ex
813 3428 868 3490 eo,
885 3413 975 3498 quod
990 3411 1069 3478 fides
1083 3416 1195 3482 divina
1213 3421 1271 3484 illa
1290 3427 1339 3485 est
1359 3427 1434 3485 tau·

352 3521 435 3592 tum,
458 3533 529 3596 quse
544 3509 661 3572 nititur
675 3503 875 3566 auctoritate
898 3499 1019 3578 divinll,
1047 3504 1118 3584 jam
1139 3513 1250 3569 autem
1274 3507 1435 3570 Ecclesiae

352 3593 545 3669 auctoritas,
561 3597 599 3654 ut
609 3589 866 3666 observavimus,
882 3585 1027 3653 humana
1038 3591 1166 3652 tanturn
1177 3599 1227 3654 est
1238 3595 1434 3669 auctoritas,

352 3691 414 3754 nisi
438 3681 595 3768 probetur
615 3693 688 3739 eam
716 3664 783 3755 legi
807 3668 1022 3737 infallibiliter
1035 3675 1055 3739 d
1070 3675 1194 3758 Spiritu
1217 3677 1362 3755 Sanct03
1386 3689 1433 3742 at

351 3769 434 3840 illud
449 3786 516 3832 non
531 3768 642 3848 potest
656 3759 786 3844 probari
800 3757 843 3822 de
860 3755 927 3820 ulid
941 3757 1089 3835 ecclesii,
1104 3767 1179 3844 post
1193 3762 1433 3845 Apostolorum

351 3869 519 3941 tempova;
540 3851 567 3914 si
578 3849 664 3912 euim
676 3844 759 3908 illud
769 3844 974 3928 probaretur,
989 3849 1195 3910 evinceretur
1206 3849 1257 3911 vel
1269 3869 1311 3913 ex
1322 3849 1434 3933 Scrip-

352 3943 439 4020 tura,
460 3939 514 4004 vel
529 3956 571 4001 ex
586 3931 760 4006 miraculis,
782 3931 835 3992 vel
849 3949 892 3993 ex
906 3931 1006 4013 signis
1019 3932 1147 3994 afflatus
1161 3933 1358 4018 prophetici,
1378 3935 1436 3999 vel
1512 3911 1513 3980 l

353 4053 395 4097 ex
411 4029 534 4091 lumine
549 4025 694 4094 natura3
727 4022 881 4079 neutrum
897 4023 1008 4079 autem
1023 4017 1088 4083 dici
1107 4025 1235 4100 potest;
1266 4021 1326 4082 soli
1341 4023 1435 4084 euim

353 4113 526 4197 Propbetre
541 4113 575 4172 et
590 4102 740 4189 Apostoli
756 4102 891 4166 inerunt
905 4105 1022 4165 erroris
1035 4099 1198 4186 expertes.
1236 4105 1348 4169 Meiros
1361 4112 1436 4170 evi-

352 4201 434 4266 dens
449 4203 514 4270 est3
536 4211 611 4256 uam
623 4193 649 4254 si
660 4187 832 4254 credamus
842 4191 972 4250 tautrlm
987 4188 1051 4253 lide
1067 4189 1211 4254 bomani
1225 4192 1435 4274 scripturam

351 4307 423 4354 esse
445 4281 600 4356 divinam,
622 4276 705 4338 nibil
725 4275 806 4338 certi
828 4276 862 4336 in
887 4274 1045 4358 religione
1069 4275 1272 4354 habebimus,
1293 4285 1329 4342 et
1348 4279 1436 4342 nibil

354 4371 444 4456 quod
457 4365 605 4433 anminvu
618 4361 834 4428 fluctuantem
849 4360 953 4426 sistat.
1081 4367 1084 4372 '
