3032 4998
341 429 381 496 10
662 439 865 494 rnsonoors
886 435 1112 494 cnnrsrrtrm.
1288 425 1379 518 (Lib.
1396 425 1425 495 1.

334 599 399 666 Dei
416 601 540 684 scripto
555 601 787 684 consignatum
803 605 864 676 est,
891 599 1071 664 videndum
1087 603 1148 677 est,
1178 597 1314 664 ubinam
1330 617 1424 684 repe-

333 691 447 750 riatur.
490 687 544 750 An
556 687 646 770 apnd
659 687 823 750 Ethnioos
834 685 1043 770 queremus?
1065 687 1123 748 secl
1138 687 1249 750 nullus
1259 685 1350 771 apud
1365 705 1424 750 eos

330 773 414 836 liber
428 776 576 836 occurrit
591 791 651 855 pro
669 769 793 836 Divino
810 773 952 835 habitus.
999 773 1140 847 Incerta,
1156 769 1277 836 sabulis
1289 773 1424 850 referto,

330 860 572 944 superstitionis
587 865 621 920 et
636 857 829 920 idololatrias
842 857 1073 940 plenacnrnias
1095 859 1149 920 An
1161 859 1251 940 apud
1264 858 1300 920 M
1306 859 1424 922 oham-

328 942 512 1007 merlnnos?
566 943 702 1008 Habent
727 943 942 1020 Alcoranum,
973 946 1089 1020 lateor,
1122 943 1232 1007 sedis
1255 943 1338 1006 liber
1363 947 1424 1006 vix

269 1068 272 1078 ,
330 1025 463 1092 homine
478 1033 597 1094 mentis
613 1039 767 1114 compote
783 1030 915 1111 dignus,
945 1037 980 1111 et
1002 1032 1027 1092 si
1051 1029 1131 1112 quid
1152 1031 1186 1094 in
1206 1049 1248 1094 eo
1265 1028 1343 1092 boni
1358 1038 1422 1104 est,

327 1116 361 1177 id
376 1135 474 1178 omne
489 1117 509 1178 a
525 1117 543 1180 J
550 1116 648 1178 udseis
663 1125 697 1178 et
720 1115 918 1178 Christianis
937 1113 1094 1178 manavit.
1138 1115 1219 1178 Non
1240 1115 1319 1178 alibi
1341 1120 1424 1177 saue

328 1204 427 1284 queri
452 1201 551 1266 debet
578 1201 645 1263 Dei
676 1199 826 1278 Verbum,
860 1204 958 1284 quam
984 1201 1145 1276 inlibris,
1178 1202 1234 1284 qui
1261 1199 1422 1264 dicuntur

333 1285 461 1350 Veteris
475 1295 507 1350 ct
523 1285 619 1350 Novi
639 1287 852 1370 Testamenti,
876 1295 913 1350 ut
929 1289 1189 1369 insequentibus
1210 1286 1421 1370 probabitur.

327 1369 381 1434 De
393 1373 484 1434 libris
500 1371 631 1435 Veteris
646 1369 850 1435 Testamenti
868 1375 956 1456 priris
969 1371 1158 1437 dicendum.

371 1457 416 1520 11.
440 1457 532 1522 Libri
559 1455 691 1521 Veteris
716 1457 921 1522 Testamenti
946 1472 1034 1534 sunt,
1068 1475 1150 1541 quos
1178 1457 1268 1522 Deus
1292 1455 1420 1542 populo

326 1541 469 1606 Iudaico
496 1543 643 1616 tradidit,
675 1546 730 1625 qui
754 1545 773 1606 t
795 1543 953 1626 losepho,
983 1551 1019 1608 et
1037 1545 1280 1626 antiquioribus
1294 1543 1422 1606 Judreis

327 1635 545 1692 numerantur
571 1643 664 1694 xxti.
681 1629 724 1692 ab
747 1629 820 1690 aliis
846 1643 951 1692 xxrv.
979 1629 1022 1692 ab
1047 1631 1119 1692 aliis
1146 1630 1324 1694 xxv11.ab
1347 1631 1421 1692 aliis

226 1778 231 1788 x
326 1727 462 1778 xxxrx.
489 1714 547 1777 sed
570 1715 687 1778 eodem
703 1733 754 1777 res
780 1713 866 1778 redit
881 1721 981 1798 prout
997 1715 1049 1777 vel
1069 1716 1331 1799 conjunguntur,
1366 1713 1422 1780 vel

325 1806 521 1882 separantur
537 1800 621 1864 libri.
1297 1821 1299 1824 ·

369 1885 431 1948 111.
458 1881 672 1950 Distribuunt
688 1887 747 1950 hos
758 1887 777 1950 J
783 1864 865 1950 uriel
880 1889 914 1949 in
929 1891 1015 1955 born
1026 1887 1160 1969 Legem,
1183 1899 1298 1955 murat
1313 1886 1421 1964 idest,

325 1971 520 2052 Prophetas,
552 1987 690 2041 0³:1th
708 1973 960 2056 quosvis-,picae
990 1973 1108 2038 dicunt
1131 1973 1198 2046 alii,
1229 1991 1327 2056 quam
1353 1971 1421 2034 dis·

323 2057 538 2120 tributionem
554 2060 702 2121 insinuat
718 2058 881 2133 Christus,
903 2061 966 2121 sub
981 2064 1115 2122 nornine
1133 2057 1251 2136 Masta,
1275 2057 1422 2143 Propte-

323 2145 436 2206 tarum
450 2147 482 2206 ct
498 2143 707 2208 Prclmorum
724 2141 808 2207 Lno.
824 2148 916 2207 xxiv.
930 2145 985 2207 44.

365 2223 422 2292 IV.
445 2227 517 2292 Lex
526 2230 761 2311 complectitur
771 2229 1079 2307 Perrtctorrcltum,id
1088 2234 1149 2305 est,
1162 2229 1326 2304 Gcmr'nr,
1341 2223 1418 2292 Ex·

320 2312 428 2388 odium
472 2313 667 2390 morawa,
706 2315 879 2390 Numerus,
917 2314 1226 2390 Deuteroaomsitm5
1272 2331 1418 2399 quornm

319 2395 480 2460 librorum
496 2404 616 2462 auctor
629 2400 673 2464 ab
688 2400 853 2476 omnibus,
884 2401 910 2462 si
926 2401 1084 2483 quosdam
1106 2405 1237 2464 tantum
1256 2401 1419 2482 excipias,

320 2481 467 2546 creditus
483 2483 608 2558 Moses,
639 2485 724 2547 illius
741 2485 890 2560 Anrram,
914 2503 1077 2570 pronepos
1093 2486 1175 2550 Levi
1193 2485 1418 2564 Patriarchre3

319 2572 469 2652 quamvis
484 2571 517 2632 in
534 2572 573 2632 iis
589 2569 679 2633 libris
699 2574 835 2633 nomina
853 2573 1071 2655 quorumdam
1093 2573 1243 2636 locorum
1263 2579 1418 2654 tempore

322 2655 429 2717 Moris
447 2657 650 2736 ignotorum,
680 2663 781 2742 atque
800 2657 867 2719 alia
888 2657 1047 2739 quisdam,
1079 2658 1123 2720 ab
1150 2657 1246 2732 Erro,
1268 2664 1328 2720 ant
1347 2655 1418 2720 alio

321 2741 482 2886 ffiriptore
507 2759 603 2804 sacro
627 2741 933 2890 ᾶοίιιοερεάᾳάἓὲιῶ
944 2744 1129 2806 videantur.
1184 2741 1280 2806 vixit
1300 2747 1417 2806 autem

363 2843 542 2888 osercrrea
563 2843 688 2890 anuum
710 2845 824 2890 munt
935 2871 942 2889 .

364 2909 408 2978 V.
432 2910 569 2975 Primus
588 2911 672 2974 liber
692 2919 833 2976 vocator
855 2911 1005 2986 Geamrb,
1026 2913 1104 2994 qnia
1127 2913 1277 2976 omnium
1299 2929 1415 2977 rerunt

319 2997 462 3078 origines
475 3003 509 3059 et
519 2999 766 3080 generationem
779 2997 890 3073 docet,
905 2999 1118 3081 continetque
1129 2998 1298 3062 historiam
1309 3017 1417 3064 anno·

319 3099 393 3144 rurn
409 3082 503 3146 2369.
537 3082 706 3147 Secundus
720 3083 844 3148 (licitur
857 3083 1006 3158 Euodus,
1022 3087 1098 3168 quia
1112 3085 1155 3147 ab
1170 3076 1281 3147 afflicti
1297 3085 1418 3168 populi

320 3167 490 3231 israelitici
501 3168 697 3232 liberatione
712 3177 746 3232 et
761 3173 854 3233 exitu
867 3187 909 3234 ex
922 3168 1076 3253 AEgypto
1091 3171 1125 3232 in
1141 3173 1333 3252 promissam
1348 3169 1416 3234 Ca·

316 3255 432 3316 naama
443 3261 562 3316 terram
573 3257 701 3337 incipit,
716 3261 750 3318 et
759 3255 1170 3335 complectitnrhistoriam
1184 3256 1253 3318 149.
1263 3255 1323 3319 vel.
1340 3257 1414 3320 lto.

235 3369 239 3386 ·
315 3353 492 3401 annorum.
541 3335 811 3404 Tertiuerlieitur
827 3338 1010 3416 Leviticae,
1036 3343 1114 3424 quia
1128 3341 1217 3424 leges
1242 3340 1415 3419 describit,

317 3441 388 3506 ane
402 3422 482 3487 Levi
493 3428 630 3506 posteris
642 3424 828 3489 sacerdotio
839 3424 981 3487 admotis
990 3426 1146 3508 injuncte
1156 3433 1244 3490 snut.
1263 3425 1416 3499 Quartae

318 3515 459 3572 vocatur
474 3509 625 3585 Nmucri,
647 3513 724 3593 quia
747 3513 781 3572 in
805 3529 845 3574 ec
861 3529 1028 3587 numerus,
1050 3519 1084 3576 et
1098 3531 1216 3577 census
1236 3514 1340 3576 initus
1356 3535 1416 3598 po·

319 3595 388 3676 puli
407 3593 577 3658 Israblitiei
600 3613 659 3678 per
676 3597 806 3660 Mosam
829 3601 863 3658 et
882 3594 1050 3660 Aaronem
1065 3600 1194 3682 legitur,
1217 3600 1413 3682 complecti·

317 3689 440 3764 torque
461 3680 630 3744 historiam
646 3685 700 3757 39,
732 3699 906 3745 annonam.
952 3681 1094 3756 Quintus
1113 3683 1302 3768 appellatur
1317 3680 1413 3750 Dou-

316 3767 538 3838 tcronomirrm,
561 3769 640 3847 quia
655 3773 704 3832 est
719 3768 823 3832 veluti
839 3769 993 3851 repetitio
1008 3769 1100 3851 legis,
1121 3777 1157 3831 et
1171 3770 1412 3854 complectitur

319 3851 489 3998 blistoriam
510 3850 653 3916 duorum
679 3854 852 3930 mensium,
874 3853 927 3916 vol
948 3857 1068 3918 mensis
1093 3856 1193 3919 unius
1210 3873 1252 3920 ac
1277 3855 1410 3923 dierum

317 3940 360 3998 ai
385 3944 450 4000 not

396 4022 421 4084 l.
435 4023 610 4106 Propheta
621 4023 913 4108 distinguunturin
925 4023 1049 4109 priores
1060 4027 1096 4089 et
1104 4029 1313 4110 posteriores.
1338 4025 1411 4092 Pri·

215 4116 232 4164 .··
317 4107 1409 4200 aretinarum,Juuna,nntri‚uuos‹immus,0tuuo1togom:

316 4195 513 4274 posteriores
526 4202 606 4263 runt
616 4197 747 4278 Iscina,
762 4193 938 4280 Jcrernica,
954 4193 1119 4280 suomi
1140 4199 1276 4280 Daniel,
1288 4203 1408 4298 (quem
