3032 4998
96 409 239 498 capit]
525 427 571 478 nir
594 421 711 480 verso
733 429 805 480 oni.

13 591 14 600 ¹
93 585 162 644 terii
175 583 355 645 iniseriam.
387 585 417 646 8.
430 583 507 646 Non
524 587 698 648 verisimile
713 592 762 648 est
774 591 823 648 tot
835 584 920 648 mala
928 583 1070 648 tolerare
1084 574 1192 646 volu·¹

13 735 14 744 χ
90 667 157 728 isse
173 687 233 750 pro
245 670 426 732 mendacio.
449 670 602 750 Aliquem
616 678 683 754 pati
696 691 755 754 pro
766 691 885 745 errore,
897 691 991 752 quem
1003 675 1176 732 veritatem

13 827 14 840 χ
94 771 166 814 esse
191 753 306 828 credit,
330 773 395 816 nori
422 759 563 830 mirum;
596 759 652 818 sed
679 759 819 838 aliquem
847 777 905 838 pro
931 775 1050 830 errore,
1079 775 1176 836 quem

13 893 14 908 ,
95 840 192 899 novit
215 858 284 900 esse
308 859 464 912 errorem,
486 843 674 904 innumeros
700 847 868 904 cruciatus
894 843 977 903 lerre
1002 842 1097 914 selle,-
1122 843 1176 902 vix

13 947 14 972 i
95 922 263 986 credibile.
306 926 339 987 4.
364 925 560 988 lncredibile
586 931 684 988 etism
713 927 839 990 nullum
871 947 913 989 ex
939 927 1012 1000 illis,
1044 937 1103 993 aut
1134 943 1176 988 err

93 1027 209 1070 eorum
225 1008 405 1092 discipulis,
426 1029 537 1074 coraiu
555 1013 773 1074 tribunalibus
782 1013 936 1093 Judicum
959 1012 1001 1073 ad
1021 1031 1178 1092 conspec-

13 1109 14 1138 i
94 1099 166 1154 turn
197 1097 312 1156 mortis
342 1097 489 1158 fraudem
520 1101 640 1159 lassum
671 1099 780 1160 fuisse.
832 1101 862 1159 b.
900 1095 1099 1159 Incredibile
1126 1101 1178 1158 tot
1210 1145 1214 1156 .

94 1187 210 1240 sancta
225 1191 390 1262 praecepta
403 1183 482 1244 data
498 1185 594 1244 luisse
608 1186 629 1244 il
643 1187 722 1244 viris
736 1181 820 1246 aded
834 1183 1013 1256 sceleratis,
1027 1185 1053 1244 si
1066 1199 1179 1244 revera

95 1263 178 1326 tales
193 1267 388 1346 impostores
404 1271 550 1330 tuissent.
593 1271 622 1329 6.
646 1268 767 1330 Adbuc
789 1268 1022 1340 incredibilius,
1041 1287 1101 1328 eos
1124 1288 1179 1328 ro·

94 1347 191 1410 luisse
207 1370 289 1412 mori
306 1370 365 1433 pro
383 1351 537 1426 Christo,
559 1355 650 1436 quisi
667 1373 731 1415 nori
751 1357 976 1416 resurrexisset
991 1353 1108 1414 misere
1123 1370 1180 1414 eos

95 1433 278 1498 delusisset.
322 1437 352 1497 7.
377 1437 437 1500 llis
451 1438 605 1500 addenda
626 1447 704 1502 sunt
728 1439 895 1510 miracula,
915 1457 988 1519 quoe
1009 1438 1056 1499 illi
1078 1437 1179 1505 iidem

93 1519 248 1598 Apostoli
265 1523 450 1603 patrabant,
467 1535 504 1584 ut
515 1541 605 1585 suam
618 1523 850 1586 confirmarent
861 1524 1057 1586 doctrinam.
1095 1529 1125 1584 it.
1143 1523 1178 1583 Si

1217 539 1313 710 W

93 1604 208 1666 fallere
218 1609 918 1690 voluissentApostoli,seaccommodassent
930 1611 1027 1690 genio
1041 1607 1178 1690 populo·
1297 1627 1306 1636 ·

99 1709 181 1764 rum,
195 1711 278 1772 quos
293 1694 552 1776 alloquebantur3
569 1698 711 1776 ipsorum
725 1696 913 1757 libidinibus
928 1695 1181 1766 consensissent,

90 1789 131 1836 ut
148 1777 376 1853 Mubam·med;
387 1797 572 1842 sermonum
585 1781 748 1841 lenocinia
763 1780 1043 1854 adhibuissent‚ac
1053 1779 1180 1840 solicite

95 1863 253 1924 vitassent
268 1867 424 1945 quiequid
442 1885 508 1938 eos,
524 1884 599 1926 cum
618 1866 734 1946 quibus
746 1884 796 1927 res
808 1870 890 1938 erat,
907 1863 1022 1925 ledere
1038 1869 1179 1944 poterat

96 1944 190 2008 Nihil
204 1959 316 2011 tamen
332 1952 436 2012 simile
452 1949 602 2031 Apostoli
621 1953 851 2032 prestiterunt.
898 1949 1073 2010 Contraria
1088 1949 1180 2010 carni

94 2029 262 2108 dixerunt,
283 2033 440 2096 adversus
455 2035 651 2117 depravatos
669 2036 835 2098 bominum
853 2053 959 2096 mores
975 2034 1181 2108 clamarunt;

92 2115 284 2180 ludaeorum
301 2120 504 2196 traditiones,
528 2121 746 2183 Etbnicorum
762 2121 953 2202 religionem
970 2119 1098 2180 sortiter
1120 2123 1180 2182 im·

92 2211 283 2284 pugnarunt
297 2225 307 2278 ς
328 2225 390 2266 nec
406 2205 611 2288 evangelium
629 2227 702 2269 eum
720 2209 913 2270 ceremoniis
927 2204 1075 2268 iudaicis
1090 2223 1180 2266 coni·

92 2292 221 2350 misceri
247 2293 333 2370 passi
359 2297 456 2362 sunta
490 2293 661 2375 phalerata
684 2299 717 2355 et
745 2293 967 2355 calamistrata
990 2291 1089 2350 rerba
1111 2308 1179 2352 non

92 2375 337 2452 qiiresiserunt;
358 2377 496 2458 simplici
514 2379 602 2462 stylo
616 2385 755 2442 utentes.
786 2378 881 2444 vQuis
898 2376 976 2437 talia
988 2385 1179 2456 prestantes

90 2458 207 2522 tallere
221 2461 362 2522 voluisse
373 2461 614 2543 suspicaretur?
658 2463 807 2525 Tandem
819 2461 1060 2525 observandum
1074 2461 1180 2540 Apos-

93 2544 181 2606 tolos
197 2543 313 2607 fallere
325 2566 390 2608 non
408 2557 565 2628 potuisse,¹
584 2551 645 2610 etsi
666 2551 856 2620 voluissent,
869 2547 1024 2628 siquidem
1042 2563 1082 2604 ea
1099 2545 1180 2607 reie-

95 2635 185 2702 runt,
199 2649 337 2712 quorum
356 2635 515 2695 innumeri
527 2635 658 2696 lucrant
668 2641 777 2696 testes.
813 2634 922 2714 Atque
937 2632 1003 2692 bisc
1015 2627 1181 2694 sufficiant

90 2714 135 2776 ad
147 2719 319 2778 veritatem
333 2718 489 2782 libroruin
501 2737 668 2782 sacrorum
681 2723 876 2802 scriptorum
889 2719 1134 2788 adstruendum,
1147 2720 1183 2778 et

94 2799 134 2862 ad
153 2801 359 2880 probandum
377 2807 517 2884 primum
534 2805 759 2868 characterem
776 2805 838 2866 illis
854 2822 967 2866 revera
980 2821 1180 2883 competere.

137 2883 220 2948 Vll.
254 2887 436 2952 &niodum
463 2891 655 2952 Divinitatis
681 2890 901 2954 ilaracrerem
926 2891 1069 2950 diximus
1094 2906 1180 2964 esse,

94 2989 134 3032 ro
147 2976 296 3052 pandone
320 2977 488 3058 mysteria,
509 2995 584 3057 qum
599 2976 640 3036 oli
661 2975 811 3052 bumaria,
833 2977 899 3037 iord
921 2976 1072 3054 angelico
1087 2975 1180 3054 ioge-

94 3059 151 3118 nr‘o
165 3076 320 3120 minuare
334 3079 397 3122 nim
409 3069 552 3141 possint,
574 3062 630 3121 sed
645 3080 718 3140 quar
732 3081 807 3124 curu
819 3063 864 3121 iis
878 3059 1073 3126 notionibus,
1095 3076 1180 3136 quas

94 3147 231 3205 noturae
257 3141 348 3206 Deus
369 3145 530 3208 mentibus
551 3147 729 3225 impressit,
750 3145 829 3206 belle
844 3145 1058 3206 concutiant.
1103 3140 1179 3203 iiim

92 3228 156 3289 iste
172 3229 345 3302 cbaracter
359 3237 507 3310 apprime
522 3231 681 3310 competit
697 3231 785 3290 libris
802 3227 932 3288 Veteris
947 3226 1084 3286 etNovi
1101 3224 1180 3287 Tes·
1196 3247 1200 3256 ¹

93 3316 253 3386 lamenti,
275 3332 314 3376 ea
329 3317 415 3377 enim
431 3315 553 3378 docent
570 3316 736 3400 mysteria,
759 3334 829 3396 quas
852 3312 894 3373 ab
916 3307 1059 3372 hnmani
1074 3320 1107 3373 et
1123 3331 1181 3374 un·

94 3396 203 3480 gelicd
216 3401 341 3462 ratione
353 3419 520 3482 nunquam
534 3404 720 3481 investigari
738 3403 930 3480 potuissent.
940 3407 971 3456 ut
987 3407 1180 3480 mysterium

95 3485 274 3560 trinitatis,
298 3487 551 3564 iucarnationis,
572 3487 826 3568 satistbctibriis
853 3483 990 3558 Christi,
1018 3501 1180 3544 resurrec-

94 3571 199 3632 tionis
225 3575 445 3646 mortuorum
478 3591 548 3654 quse
574 3577 740 3657 mysteria,
773 3582 832 3634 etsi
869 3578 1017 3631 humanm
1046 3571 1181 3630 rationis

94 3663 231 3736 captum
248 3667 414 3738 superent,
437 3663 712 3722 notionestamen
729 3659 812 3728 ilias,
833 3676 914 3738 quos
930 3667 1048 3718 nutura
1065 3653 1181 3714 menti·

97 3737 159 3801 bus
176 3743 349 3822 impressit,
371 3746 563 3825 neutiquam
584 3753 754 3816 evertunt3
786 3745 851 3804 inid
873 3747 996 3820 optime
1020 3759 1094 3800 eum
1118 3737 1181 3800 illis

93 3825 276 3903 cobserent,
299 3849 329 3890 v.
345 3849 378 3910 g.
395 3833 584 3912 mysterium
597 3830 815 3911 pluralitatis
831 3845 1041 3912 personarum
1066 3829 1096 3885 in
1117 3819 1182 3886 und

93 3909 248 3988 essentis,
279 3917 462 3978 necessario
487 3923 695 3979 connectitur
721 3932 797 3975 cum
821 3931 920 3994 opere
946 3911 1182 3990 redemptionis

93 4002 215 4060 nostrie
246 4017 305 4080 per
335 4001 594 4064 incarnationem
623 4015 768 4081 persone
799 3997 951 4062 infinitas:
987 4013 1070 4074 opus
1100 3993 1181 4056 illud

94 4080 334 4166 redemptionis
349 4089 579 4154 cobseret'cum
597 4088 791 4151 necessitate
803 4082 1034 4146 satisfactionis
1045 4081 1182 4161 justitia

94 4165 223 4246 dirime,
248 4193 350 4258 quam
366 4177 438 4258 ipsa
452 4175 697 4258 ratiougnorit,
711 4169 806 4234 uude
829 4185 942 4230 omues
956 4181 1069 4249 gemes
1085 4166 1183 4228 saeri-

89 4251 168 4318 bcia
182 4257 399 4340 obtulerunt3
429 4265 606 4332 necessitas
624 4258 857 4326 satislactionis
879 4273 954 4320 cum
976 4255 1188 4337 corruptione
