3032 4998
30 569 31 584 χ
80 471 152 555 cap.
165 471 207 560 5.]
383 491 430 542 nn
453 491 523 542 aso
545 491 617 542 uso
640 491 682 542 nr
702 485 818 545 narso.
1015 491 1016 494 ’
1098 485 1143 549 65

108 641 145 708 V.
165 641 254 708 Deus
263 648 313 708 est
323 645 493 730 objectum
505 648 603 732 hujus
614 651 773 728 scientim3
794 669 829 715 se
839 653 1010 734 cognoscit
1020 653 1141 736 ipsum,

30 753 32 796 i
74 733 131 792 tom
144 730 320 814 secundum
345 738 497 797 naturam
516 753 619 812 suam,
642 741 712 800 tum
738 737 921 800 secundum
935 757 1049 802 omnes
1063 759 1141 808 suae

30 809 32 866 i
75 815 291 896 perfectionem
313 817 437 884 Mattio.
449 823 494 883 xi.
509 821 563 884 27.
584 839 677 884 nemo
691 824 785 886 nouit
797 821 925 902 fitium,
946 826 1017 888 uisi
1028 832 1139 905 poter,
1210 902 1211 911 ἵ

30 891 32 1020 μ
73 909 293 984 compatrem
309 905 411 981 novit,
432 905 629 988 nisifiiius.
676 908 689 969 1
709 905 789 970 Cor.
802 909 824 970 ii
843 909 891 972 10.
907 909 955 974 11.
987 909 1139 992 Spiritus

30 1023 31 1068 3
73 989 165 1050 maio
178 993 345 1052 ructatur
359 1009 434 1074 qum
446 997 527 1056 sunt
542 993 618 1056 Dei.
664 991 749 1066 Quis
762 997 848 1058 enim
862 993 1027 1058 romanam
1041 1001 1139 1062 nouit

30 1103 31 1118 κ
72 1087 104 1131 eo
115 1091 182 1153 w
195 1080 271 1138 snrrt
284 1073 437 1152 dominio,
462 1079 535 1140 nisi
556 1078 702 1159 spiritus
718 1078 862 1143 immicis
883 1081 943 1160 qui
963 1091 1013 1142 cst
1036 1081 1074 1143 in
1090 1103 1137 1160 eo,

73 1157 113 1217 ito
125 1160 217 1223 ctiam
230 1179 272 1224 aa
286 1179 360 1244 qum
384 1167 461 1225 saort
477 1160 545 1226 Dei
558 1182 650 1226 acmo
676 1168 781 1240 mvii,
803 1165 874 1228 nisi
888 1163 1043 1246 Spiritus
1058 1165 1139 1232 Dei.

74 1239 232 1323 Cognoscit
246 1249 346 1308 etiam
363 1241 497 1312 dec'reta
511 1265 572 1310 sna
585 1255 620 1314 et
633 1249 782 1312 actiones
793 1269 918 1324 omnes,
933 1267 1016 1332 quas
1026 1249 1138 1314 decre-

72 1331 170 1392 torm
193 1333 430 1396 convenienter
456 1343 624 1416 operatur.
669 1333 762 1398 Noto
784 1339 865 1398 sont
885 1333 958 1400 Deo
981 1335 1024 1398 od
1043 1339 1140 1401 omni
1254 1377 1256 1380 -

72 1429 127 1474 coo
139 1418 247 1480 omnm
262 1435 364 1498 opero
377 1435 455 1494 sou,
476 1418 554 1482 Act.
564 1437 620 1482 xv.
640 1418 688 1482 18.

103 1497 152 1564 vi.
175 1500 240 1564 Res
256 1521 370 1566 omues
385 1503 525 1588 reliquas
540 1505 643 1580 norit,
658 1507 757 1568 etiam
773 1506 937 1580 minimas,
952 1525 1019 1569 non
1031 1524 1135 1592 ange·

73 1579 107 1643 ios
128 1588 263 1662 unitim,
295 1587 453 1666 homines,
485 1591 614 1665 bestias,
639 1590 761 1667 stelias,
790 1608 933 1674 quarum
960 1609 1134 1658 numerum

72 1685 145 1732 norro
157 1671 236 1737 dicit
254 1673 380 1738 Peritos
403 1673 456 1739 Pr.
473 1675 583 1740 cxlvii.
594 1676 625 1739 4.
650 1677 789 1760 plantas,
805 1676 863 1739 sed
878 1684 913 1739 et
927 1679 1064 1759 capillos
1079 1699 1134 1743 oa·

71 1753 137 1832 pitis,
156 1777 236 1841 qnos
252 1761 286 1823 in
301 1767 476 1824 numerato
492 1761 613 1824 habere
628 1761 749 1824 dicitur
772 1759 806 1826 M
812 1761 894 1824 attin.
907 1779 939 1824 x.
952 1763 1004 1826 30.

102 1839 167 1908 vil.
188 1843 361 1909 Praeterita
383 1847 496 1909 omnia
517 1865 613 1909 nosse
631 1865 729 1910 nemo
752 1847 887 1928 negabit
910 1863 1031 1922 sanns3
1064 1847 1136 1912 horo

69 1929 187 2005 cognitio
202 1934 444 2014 praeteritorum
461 1931 657 1994 describitur
672 1935 706 1994 iu
722 1931 823 1994 sacris
839 1932 962 1994 chartis
973 1932 1034 1994 sub
1046 1935 1134 1996 simi·

69 2007 181 2077 titudine
203 2019 384 2094 momoriae,
410 2016 579 2089 librorum,
601 2017 755 2089 monim
789 2017 937 2098 quamvis
963 2017 1134 2084 fatendum

68 2097 143 2160 etiam
157 2098 218 2164 dici
236 2102 409 2165 recordari
424 2102 547 2176 Deum,
568 2106 612 2163 ad
627 2100 867 2182 designandum
882 2102 1042 2166 auxilium
1059 2105 1133 2183 ejus

68 2193 279 2263 opportunum,
302 2205 438 2270 precum
464 2185 724 2262 exauditionem,
750 2190 983 2270 promissorum
1010 2207 1132 2252 execu-

68 2265 176 2346 tionem,
204 2273 387 2354 gratuitam
415 2273 724 2350 remunerationem,
753 2273 807 2336 rei
832 2273 1069 2338 severissimam
1095 2278 1131 2340 in

67 2357 757 2526 p‘dicdltffeisidgdddaddddddddeddpossumus
771 2450 1048 2521 moererentur,
1062 2446 1133 2510 sire

66 2527 219 2604 passibiles,
234 2530 307 2592 sire
319 2530 449 2600 foturus
460 2535 557 2592 notos
567 2547 637 2592 esse
653 2529 739 2604 Deo,
755 2548 822 2592 non
837 2548 894 2591 eos
908 2533 1038 2593 tantdm
1049 2547 1134 2612 quun

66 2617 239 2677 nroersarios
256 2632 426 2689 vocamus,
441 2613 499 2678 sed
514 2633 599 2698 quoe
614 2615 845 2696 contingentes
859 2615 1012 2691 dicimus,
1027 2617 1134 2702 etqui

65 2691 152 2762 torri
167 2699 243 2764 Deo
260 2699 482 2776 determinati,
504 2704 712 2764 reserarunt
730 2701 961 2783 contingenter
977 2711 1133 2785 respectu

64 2787 162 2862 nostri3
189 2788 346 2848 oriuntur
369 2787 456 2848 enim
482 2803 524 2850 ex
551 2785 692 2868 plurium
712 2804 820 2850 rerum
836 2805 1012 2864 concursu,
1033 2803 1132 2872 quem

63 2867 239 2948 ignoramus.
284 2869 352 2938 Qut
371 2871 454 2934 iliud
476 2889 694 2954 negaremuo;
725 2875 801 2936 crim
817 2871 988 2956 Scriptura
1009 2873 1132 2938 doceat

63 2948 151 3018 Deum
165 2959 299 3020 novisse
312 2965 347 3020 et
362 2956 549 3039 predixisse
564 2957 676 3020 futura
690 2961 920 3039 contingentia
938 2959 1036 3038 longe
1050 2966 1132 3022 ante

62 3047 204 3118 uentum,
225 3045 277 3105 ita
299 3043 392 3106 Dens
414 3049 554 3104 noverat
580 3041 787 3105 Pharaonem
812 3043 1043 3106 induratorum
1071 3060 1132 3106 cor

61 3141 135 3188 suom
149 3135 269 3192 contra
284 3128 398 3212 plagas
412 3145 507 3202 suas3
541 3124 711 3189 Keileuoes
730 3124 909 3189 tradituros
925 3127 1024 3189 inisse
1039 3127 1132 3191 Sauli

62 3205 202 3278 Doridem
221 3214 436 3277 isamxxiii.
448 3213 495 3276 12.
523 3209 1131 3297 AEgyptiosafflrctmossemeoribra·
1189 3273 1192 3280 ,

61 3291 128 3360 homi
151 3300 225 3362 400.
249 3302 356 3374 anuis,
382 3299 466 3362 Gen.
480 3317 536 3360 xv.
553 3297 601 3362 1³.
641 3293 767 3380 Cyrum
784 3295 999 3360 liberaturum
1024 3317 1129 3382 popu·

60 3377 381 3470 lnmcxcaptiritnte3
401 3383 561 3467 populum
571 3381 749 3446 iudaicam
762 3382 910 3446 tutorum
920 3384 1129 3448 incredulum

60 3469 243 3551 temporibus
261 3471 398 3536 Messias.
444 3471 486 3532 la.
503 3469 560 3532 liii.
576 3471 603 3532 t.
638 3467 795 3532 Messinm
821 3475 856 3530 et
883 3467 1008 3550 Regem
1027 3488 1127 3534 anum
1216 3501 1219 3510 ·

57 3551 311 3634 interfecturum
343 3553 465 3620 Judarn
489 3553 672 3632 Dominum
693 3573 789 3618 soum
815 3553 1034 3637 proditorum,
1063 3557 1126 3619 dte.

57 3637 306 3716 intumuere
321 3659 496 3725 passerem,
514 3639 588 3702 Deo
600 3642 716 3716 inscio,
731 3640 831 3704 docet
844 3637 1007 3703 Christus.
1051 3638 1127 3704 Hac

55 3722 224 3792 iutnrorum
240 3729 431 3810 cognitione
447 3725 541 3789 Deus
555 3745 589 3788 se
604 3728 624 3788 d
639 3725 728 3788 salsis
738 3727 886 3807 gentium
901 3725 997 3790 idolis
1011 3725 1129 3790 distin·

55 3813 121 3887 goir.
163 3811 411 3882 1s.xli.22.28.
435 3812 643 3876 Annuntient
656 3811 761 3887 uobis,
781 3829 992 3894 quoecumque
1009 3815 1125 3876 venta·

53 3905 178 3964 romut-
1058 3939 1063 3950 ·

86 3982 140 4047 IX.
164 3985 219 4048 Ex
235 3986 383 4068 piurimis
393 3983 457 4046 iliis
471 3983 563 4058 iocis,
579 3987 671 4067 patet
681 3984 779 4045 etiam
793 3981 964 4045 homiuum
976 3982 1125 4062 consilia,

51 4071 304 4152 etcagitationes
326 4071 510 4133 notissimas
532 4089 624 4144 esser
655 4068 774 4149 quibus
796 4067 874 4130 addi
897 4075 1034 4150 possunt
1059 4069 1126 4134 aiia

52 4149 114 4218 loca
136 4155 255 4221 lSam.
271 4159 336 4220 xri.
354 4159 383 4218 7.
414 4153 523 4218 Homo
546 4155 697 4238 adspicit
719 4172 793 4235 qum
816 4155 897 4217 aunt
915 4171 992 4234 prae
1005 4158 1124 4234 oautr's,

51 4237 198 4306 Meiros
210 4245 360 4323 adspicit
374 4259 449 4323 qum
462 4244 540 4301 sunt
554 4241 591 4302 ia
606 4241 708 4303 corde.
753 4238 770 4302 J
776 4257 821 4302 er.
832 4241 910 4301 xvii.
924 4244 953 4304 9.
971 4241 1016 4302 10.
1041 4241 1124 4309 Pro.

39 4329 169 4404 stadum
182 4335 238 4394 cet
251 4347 304 4390 oor
314 4331 393 4411 pica
408 4323 557 4390 orandus
571 4325 666 4398 reduc
680 4329 712 4391 ct
724 4343 927 4407 perversum,
947 4328 1025 4410 quia
1046 4347 1122 4412 cog·

558 4423 580 4474 Ε
