3032 4998
83 425 168 510 cap.
184 421 229 509 u]
268 397 270 404 ’
465 435 513 490 os
535 437 654 492 vuaso
676 437 748 490 ιιι.
1150 427 1171 492 s

79 601 197 682 postea
211 612 271 678 per
287 591 417 656 Morem
437 593 587 677 aliosque
607 593 792 678 Prophetas
812 593 1009 660 iueoelesid
1028 591 1173 660 induet

81 701 156 746 eam
171 678 403 746 conservanda
423 685 458 742 et
479 680 699 762 propagandae
716 683 864 750 veritatis
886 685 1046 746 rationem
1066 684 1173 746 couti·

81 771 219 840 auarit;
240 769 288 830 ita
297 767 398 846 jussit
414 764 545 828 Mosem
560 766 713 838 seribere,
729 765 840 830 Exod.
855 769 934 832 xvii.
955 771 1001 832 lt.
1020 767 1173 832 Imosiba

78 853 139 918 boo
153 855 394 918 mouumentum
407 851 499 914 libro.
544 851 654 914 Exod.
670 853 785 916 xxxiv.
800 851 854 916 27.
874 853 980 917 scribe
993 855 1056 918 tibi
1070 853 1173 920 uerba

7 923 8 988 Ῠ
79 939 162 1010 brec.
176 940 258 1022 quio
268 935 633 1020 sepraestiruutorum
644 937 936 1022 uerborumpongo
947 940 1173 1022 teoumfoedua

80 1027 113 1088 et
138 1043 215 1088 oum
240 1024 377 1087 lsraete.
430 1021 522 1086 Idem
548 1022 695 1103 injunxit
721 1024 814 1086 isaie
841 1025 908 1088 viii.
935 1026 961 1088 l.
994 1043 1085 1090 ειιιιιι
1109 1027 1173 1090 tibi

7 1171 8 1198 p
80 1111 232 1174 votnm
244 1107 568 1191 mgnumetsorde
585 1109 625 1170 in
643 1126 690 1172 eo.
733 1108 885 1174 Jeremire
908 1129 989 1174 xxx.
1006 1109 1037 1172 2.
1067 1111 1173 1176 sonte

81 1195 147 1259 tibi
159 1197 271 1258 munia
287 1193 400 1269 verbo,
419 1193 537 1276 quibus
551 1195 700 1276 auom
714 1198 745 1258 te
759 1195 797 1258 iu
812 1195 904 1260 libro.
957 1194 1121 1260 Habaouo
1138 1199 1174 1262 ii.

84 1280 116 1356 2,
138 1279 244 1344 scribe
257 1280 418 1344 visionem
434 1279 495 1362 (lo.
1113 1296 1116 1321 ¹

126 1364 189 1430 IV.
212 1364 305 1428 Idem
321 1365 383 1428 sub
400 1363 511 1439 Novo,
549 1383 589 1428 ao
615 1365 677 1428 sub
694 1363 808 1430 Veteri
835 1365 1051 1432 Testameuto
1067 1369 1174 1432 oonti·

85 1453 150 1534 git3
166 1457 341 1534 postquam
352 1451 439 1514 enim
453 1449 606 1512 Christus
617 1451 681 1514 Dei
695 1451 798 1514 Filius
810 1455 997 1535 unigenitus
1015 1458 1175 1538 mysteria

84 1539 175 1617 regui
192 1536 349 1600 eoelorum
361 1538 379 1596 e
390 1537 463 1598 sinu
476 1535 583 1600 Patris
594 1538 743 1620 protulit,
758 1544 792 1601 et
806 1537 993 1602 bominibus
1004 1539 1174 1616 revelavit,

86 1622 201 1688 eadem
226 1621 465 1704 Apostolorum
491 1619 592 1705 operi
617 1623 715 1685 scribi
741 1623 868 1701 soluit3
902 1643 969 1688 ιιοιι
995 1624 1095 1689 modo
1115 1645 1173 1689 eos

45 1765 51 1778 ,
87 1728 199 1772 omues
220 1713 336 1788 gentes
357 1705 476 1770 dooere
498 1706 675 1788 jubend03
710 1707 800 1790 quod
825 1727 893 1772 ιιοιι
915 1714 1076 1793 potuisset
1097 1713 1174 1774 vira

85 1813 167 1857 vooe
181 1791 311 1876 ¹semper
325 1792 406 1866 lieri,
420 1792 581 1877 siquidem
596 1793 759 1870 absentes,
774 1800 809 1858 et
823 1799 972 1877 posteros
986 1816 1054 1860 non
1067 1797 1176 1864 minus

84 1883 179 1962 qiam
197 1884 372 1962 presentes
387 1877 507 1942 dooere
522 1877 700 1956 debebant,
727 1879 785 1942 sed
805 1887 841 1944 et
862 1885 1016 1964 expresse
1031 1882 1173 1945 scribere

85 1964 290 2048 injungendo
309 1966 370 2039 ita,
399 1963 558 2039 iohanni,
579 1963 686 2048 Apoe.
703 1965 725 2026 i.
745 1965 795 2028 11.
812 1971 846 2028 et
864 1967 913 2029 19.
945 1966 1039 2038 Quod
1061 1968 1173 2030 uernis

84 2053 191 2116 scribe
202 2053 244 2114 iu
258 2049 348 2116 libro.
359 2051 413 2124 iso.
458 2047 555 2120 Quod
569 2051 703 2125 vidisti,
724 2050 853 2124 eorib03
873 2058 910 2116 et
924 2053 1012 2135 ipsos
1026 2051 1071 2118 ad
1095 2055 1175 2118 sori-

86 2136 232 2202 bendum
250 2133 461 2217 impellendo,
484 2153 524 2208 ao
539 2136 602 2198 illis
618 2136 792 2200 scribenda
806 2136 1008 2220 inspirando.

126 2222 192 2286 illo
204 2230 317 2286 arrtem
330 2223 439 2284 mirari
448 2221 546 2302 juvat
559 2221 623 2284 Dei
635 2224 841 2304 sapientiam.
879 2223 972 2286 Dum
988 2224 1178 2289 balbutiem

86 2315 158 2376 erat
173 2308 325 2380 ecelesia,
347 2308 511 2368 eamriva
527 2325 608 2370 voce
626 2306 719 2370 Deus
742 2309 896 2385 instituit,
928 2310 984 2392 qui
1002 2311 1178 2394 simplicis-

86 2398 188 2460 simus
203 2397 254 2454 est
268 2391 477 2457 revelationis
493 2391 622 2468 modus,
650 2398 688 2456 ut
702 2392 846 2458 infantes
860 2393 968 2458 solent
983 2391 1059 2458 vivi
1072 2399 1177 2461 nutri·

87 2499 163 2544 oum
181 2499 265 2541 voee
281 2477 426 2540 formari.
471 2476 591 2539 Posted
614 2478 647 2538 iu
669 2479 811 2560 pueritia
825 2484 860 2541 et
874 2481 981 2560 prima
998 2481 1177 2562 juventute

86 2569 149 2630 sub
165 2564 239 2646 lege
254 2565 482 2637 constitutam,
514 2569 549 2625 et
572 2563 649 2626 riva
671 2581 755 2626 rooe
778 2561 894 2626 docuit
918 2571 953 2628 et
970 2567 1106 2648 soripto,
1138 2573 1178 2632 ut

86 2651 314 2716 adolescentes
338 2655 373 2716 et
398 2649 503 2730 pueri,
539 2653 609 2710 tum
635 2667 719 2710 voce
744 2649 903 2730 magistri,
939 2656 1011 2714 tum
1033 2651 1177 2718 lectione

88 2738 246 2802 librorum
262 2733 436 2798 docentur.
479 2733 629 2796 Tandem
645 2732 705 2796 sub
721 2732 906 2815 Evangelio
920 2735 1069 2800 adultam
1084 2744 1119 2802 et
1133 2737 1178 2804 ad

84 2819 587 2906 justamaoperieetam'aetatem
598 2824 800 2901 proveetum,
810 2819 975 2903 scripturi
984 2829 1178 2890 contentam

87 2929 158 2974 esse
168 2907 285 2980 voluit,
296 2905 547 2986 utjurenesviri
559 2902 895 2986 persedoctriuasex
907 2905 998 2970 libri
1009 2908 1177 2974 hauriunt.

133 2993 176 3058 V.
201 2993 281 3056 Non
297 3008 411 3054 omnes
427 2987 580 3072 Apostoli
604 2992 815 3070 seripserunt,
847 3010 910 3054 uec
930 3011 1064 3056 neeesse
1086 3002 1181 3072 erat3

88 3099 164 3148 nam
180 3077 303 3140 suffieit
317 3093 357 3138 ea
371 3074 414 3136 ab
425 3073 588 3155 aliquibus
597 3073 708 3148 soribi,
723 3094 794 3155 quea
806 3074 849 3136 ab
860 3073 932 3138 aliis
944 3078 1180 3159 probarentur;

89 3187 152 3231 neo
169 3166 288 3227 mirum
304 3162 330 3224 si
346 3158 513 3243 epistolari
528 3157 686 3220 methodo
707 3165 745 3219 ut
765 3159 943 3239 plurimum
963 3164 1014 3222 usi
1035 3165 1101 3224 sint
1116 3167 1179 3228 viri

87 3253 135 3318 illi
150 3252 269 3324 saneti,
290 3247 465 3310 musenim
480 3248 552 3306 erat
567 3249 649 3307 tune
664 3245 821 3325 temporis
837 3249 990 3326 receptus
1004 3247 1095 3329 apud
1111 3250 1179 3332 ple·

7 3403 8 3412 ,
87 3355 208 3419 rosque
223 3331 366 3398 docendi
381 3350 440 3413 per
454 3328 621 3412 epistolas.
666 3328 739 3392 Imd
763 3329 923 3412 rescripta
935 3330 1178 3414 Imperatorum

88 3431 123 3487 et
148 3424 260 3502 Ιηιιιιι
286 3417 431 3478 latarum
456 3435 514 3498 per
540 3414 696 3497 epistolas
721 3413 855 3488 debant,
897 3421 932 3479 et
956 3419 1097 3501 simplex
1122 3423 1179 3486 ille

89 3505 232 3572 docendi
248 3500 367 3568 modus
382 3499 524 3566 deoebat
548 3499 768 3582 evangelium,
801 3519 842 3564 ue
855 3520 943 3565 erue
966 3501 1095 3568 Christi
1105 3529 1178 3590 per·

91 3591 261 3660 mortis
271 3587 428 3652 bunum
442 3587 623 3668 sapientise
637 3587 750 3650 verbis
764 3592 1009 3663 ουαοιιανείιιις
1030 3593 1097 3656 irud
1111 3611 1179 3656 ιιοιι

86 3686 162 3744 erat
185 3673 393 3740 commodius
416 3670 581 3738 scribendi
603 3690 709 3754 genus
733 3669 778 3736 ad
809 3678 949 3758 propere
969 3677 1179 3780 evangeliups

88 3757 383 3832 dinamiuaadum.

491 3881 495 3888 ·
535 3863 750 3916 ἳ-ι-*ιιιιι

385 4055 389 4064 ·
527 4013 683 4081 CAPUT
706 4013 750 4077 V.

327 4143 490 4224 netum,
512 4171 546 4212 er
558 4151 655 4231 quibua
667 4144 816 4230 Scriptura
829 4159 945 4211 comm.

7 4307 8 4360 f
133 4287 162 4357 1.
182 4239 777 4369 Pomuu'expendimumtioues,
792 4285 1019 4368 propterquae
1031 4285 1181 4358 Verbum
1221 4253 1225 4262 ’
