3000 5006
344 285 410 356 aab
664 295 868 351 rusonocra
889 293 1114 346 caarsrrsrrn.
1273 273 1363 364 iub.
1379 275 1456 340 xi.

346 457 542 528 Ecclesiaet
554 455 695 541 publicis
705 453 879 528 scandetis,
900 454 921 516 2
935 451 1010 518 Cor.
1024 455 1058 516 ii.
1069 453 1100 514 6.
1124 448 1276 532 relapud
1291 449 1456 515 homines

344 555 379 608 et
407 542 522 607 iratres
538 543 687 611 offensos,
711 541 752 610 nd
773 560 887 607 eorum
912 540 1223 608 renone-tisrionem,
1249 533 1322 598 dac.
1341 555 1379 596 r.
1405 536 1457 596 16.

343 629 614 714 (diductum
627 644 672 690 rra
689 625 814 700 David,
831 627 880 688 Ps.
895 625 974 688 riti.
1007 627 1135 694 Petrum,
1151 621 1273 686 Martii.
1284 627 1381 684 xxvi.
1393 623 1453 682 75.

346 713 536 790 Peccntric,
566 716 647 776 Luc.
665 717 717 776 rii.
736 715 785 778 38.
841 711 910 790 (8.)
934 707 1124 792 Aliquando
1143 709 1325 792 jejumum.
1375 709 1454 786 (4)

345 803 477 882 derium
503 799 741 866 emendationis
768 803 985 887 propositum,
1009 794 1095 860 unde
1122 814 1215 895 norre
1240 792 1452 856 obedientim

345 904 448 1036 itt?
464 879 1454 1053 'tiiitittittztiiiiiitttztttttiiti

344 1059 421 1128 tire;
443 1060 625 1138 «eburneis,
653 1059 784 1136 ἄιςόισις,
804 1053 1054 1132 σύςασις,,μὶηξις,
1077 1053 1165 1134 qnod
1187 1061 1298 1113 tamen
1327 1053 1449 1134 primis

346 1145 472 1206 amentis
496 1145 603 1208 iocum
621 1161 687 1204 non
706 1143 831 1204 babuit.

391 1227 421 1288 V
458 1227 594 1309 Triplex
618 1226 830 1310 distinguitur
858 1226 1092 1306 resipiscentia,
1118 1225 1142 1286 1.
1170 1221 1233 1286 Per
1254 1240 1358 1303 quarn
1388 1241 1451 1285 nor

370 1315 484 1375 oenitet
500 1318 533 1376 in
549 1332 669 1392 genere
691 1316 837 1374 omniurn
856 1318 1066 1394 peccatorum
1089 1319 1368 1391 perpetratorum.
1415 1311 1449 1370 2.

344 1331 412 1462 ger
428 1417 525 1479 quam
544 1403 767 1480 poenitentiam
784 1399 912 1478 agimus
928 1395 969 1458 de
990 1397 1135 1478 peccatis
1152 1394 1414 1476 particularibus
1429 1397 1449 1457 d

344 1483 441 1547 nobis
452 1487 634 1546 commissis
687 1487 716 1548 3.
743 1483 805 1546 Per
821 1501 921 1566 quam
934 1501 993 1544 nor
1006 1486 1142 1564 prenitet
1155 1487 1370 1562 peccatorum
1389 1500 1448 1544 iro·

345 1567 395 1631 bis
419 1569 618 1648 ignotorum,
640 1587 680 1632 ac
699 1588 756 1652 per
770 1587 914 1630 errorem
936 1571 1195 1630 commissorum.
1221 1563 1273 1626 Ps.
1298 1565 1445 1628 xix.12.

346 1653 552 1728 Abuccrrttr'c
567 1657 691 1718 mundo
703 1674 760 1718 me.
805 1653 941 1736 Triplex
956 1653 1022 1715 iraec
1037 1654 1162 1719 duobis
1177 1654 1332 1730 exigitur.

392 1737 448 1802 Vi.
478 1741 560 1824 Ejus
575 1741 727 1803 salutaris
744 1741 973 1822 resipiscentiae
992 1737 1084 1800 Deus
1109 1745 1159 1800 est
1181 1746 1310 1809 auctor,
1334 1737 1442 1798 rariu-

344 1843 409 1911 que
434 1825 479 1906 ad
504 1845 577 1889 eum
606 1826 851 1906 producendam
885 1823 992 1886 media
1017 1824 1164 1888 adhibet.
1221 1823 1250 1884 i.
1289 1821 1443 1900 rerum,

345 1913 438 2002 quod
450 1912 596 2004 Spiritus
607 1913 719 1978 Sancti
733 1911 880 1986 efficacia
891 1911 1079 1984 comitatur,
1094 1911 1126 1972 in
1140 1918 1208 1994 quo
1222 1907 1321 1973 verbo
1334 1909 1442 1973 motta

346 2002 473 2058 motiva
489 2001 696 2080 reperiuntur
718 1997 759 2060 ad
779 1999 1016 2080 penitentiam.
1038 1993 1287 2078 dumioquiiur,
1309 1993 1379 2072 (i.)
1400 1992 1441 2056 da

344 2074 395 2145 irt
409 2079 479 2144 ‘Dei
497 2093 614 2154 contra
635 2087 886 2164 impoenitentes.
910 2081 979 2162 (2.)
1004 2080 1056 2145 De
1072 2081 1229 2162 exemplis
1239 2077 1441 2162 judiciorum

345 2159 549 2231 divinorum
567 2169 637 2248 (8.)
661 2169 714 2229 De
736 2163 1010 2237 beneficiisrariis
1022 2167 1139 2250 quibus
1153 2163 1440 2247 adponireuriam

345 2252 538 2316 incitamur:
557 2254 628 2334 (t,)
652 2253 703 2315 De
721 2257 886 2334 promissis
896 2253 1009 2332 gratim
1020 2263 1053 2313 et
1070 2251 1267 2322 remissionis
1285 2253 1442 2334 preniten-

345 2328 435 2416 tibus
455 2329 561 2412 iactis,
585 2335 625 2400 le.
644 2339 664 2399 i.
685 2333 733 2412 16,
759 2337 806 2410 17,
833 2337 878 2405 18,
898 2335 1027 2412 Επεὶ).
1043 2339 1132 2400 xviii.
1149 2336 1201 2398 27.
1224 2337 1294 2414 (5.)
1317 2337 1368 2400 De
1384 2355 1440 2398 ex·

344 2419 463 2505 [emptis
479 2422 709 2485 misericordis
725 2419 844 2483 diriore
860 2423 892 2483 in
911 2429 1115 2504 poenitentes.
1158 2421 1181 2484 2
1216 2419 1325 2486 Variis
1340 2423 1440 2486 casti·
1484 2423 1485 2494 ζ

345 2510 542 2602 potionibus
563 2528 698 2592 qnoque
722 2507 837 2590 affligit
864 2519 1055 2589 peccatores
1071 2513 1168 2591 ipsos,
1192 2511 1371 2590 quusvuit
1395 2504 1439 2569 ad
1484 2505 1485 2558 ἒ

371 2597 574 2655 senitentiam
603 2592 778 2656 adducere.
825 2595 852 2656 3.
890 2593 992 2659 Varia
1013 2596 1112 2656 etiam
1133 2593 1271 2678 judicia
1295 2595 1330 2655 in
1355 2594 1435 2660 aliur
1484 2579 1485 2668 i

345 2611 508 2754 Bomines,
519 2687 663 2752 exercet,
687 2687 723 2739 ut
739 2683 883 2740 terreant
899 2699 1047 2764 eosquos
1062 2680 1134 2740 ruit
1150 2689 1356 2744 convertere.

391 2759 459 2826 vti
490 2761 1438 2848 HrecresipiseentiautsitDeogratadebetesseprorntu.
1484 2783 1485 2788 ’

345 2847 494 2926 dinemo,
509 2854 684 2931 perpetuu,
707 2855 741 2912 et
755 2855 920 2916 corrutone.
1111 2845 1117 2850 ’

350 2945 356 2958 ·
391 2931 489 2996 viri.
513 2934 680 3000 Quaerrtur
697 2933 724 2996 l.
741 2938 998 3014 inpoenitentia
1015 2938 1197 3020 reperiatur
1212 2940 1245 3004 in
1266 2931 1437 3022 reprobis?

345 3011 602 3099 Respondemus
624 3023 651 3082 si
674 3039 732 3106 per
751 3024 986 3103 poeniterrticm
1005 3025 1086 3086 nitrit
1101 3021 1191 3091 aliud
1217 3018 1438 3104 intelligamus

344 3107 442 3192 qudrn
465 3105 613 3170 dotorem
635 3109 778 3190 uirquem
804 3107 847 3168 ob
863 3119 999 3188 peccata
1019 3115 1205 3182 commisso,
1226 3107 1438 3172 concedimus

346 3207 442 3272 posse
459 3195 590 3272 reperiri
608 3193 640 3254 in
665 3191 822 3275 reprobis,
835 3201 873 3254 at
894 3195 920 3256 si
936 3195 978 3256 de
1005 3213 1082 3266 reru
1103 3191 1296 3278 prenitentid
1309 3203 1439 3278 agutur,

347 3290 413 3346 aon
430 3295 500 3338 esse
512 3280 571 3338 nisi
588 3281 620 3338 in
633 3275 795 3352 fidelibus,
817 3285 944 3344 certum
960 3287 1021 3342 est.

387 3359 557 3430 erreritur
567 3359 598 3426 2.
615 3381 657 3424 an
671 3367 863 3442 poenitentia
876 3365 1037 3446 precedat
1047 3363 1157 3441 fidem,
1178 3383 1221 3428 an
1234 3369 1314 3430 rerd
1324 3383 1437 3447 aequa·

344 3443 409 3510 tur.
458 3447 708 3528 Respondemus
729 3448 979 3530 distinguendos
999 3459 1094 3528 actus
1109 3455 1329 3534 peanitentim
1354 3453 1439 3516 nour
1484 3473 1485 3486 ¹

343 3539 381 3596 et
392 3538 602 3616 peccatoram
617 3553 821 3598 erosnovem
834 3533 897 3596 fide
913 3537 1001 3614 prior
1013 3543 1074 3612 est,
1085 3545 1121 3600 at
1130 3538 1315 3608 modario
1329 3537 1439 3604 cordia

344 3624 380 3684 et
387 3621 513 3698 procia
527 3618 680 3682 bonomo
690 3639 824 3702 operum
846 3621 1112 3704 sequitnrfidem.

316 3759 325 3776 ,
387 3703 555 3780 Querlitur
575 3707 606 3773 3.
623 3724 682 3766 cur
698 3705 827 3770 dicatur
845 3705 928 3770 Luc.
944 3727 998 3772 xr.
1016 3709 1046 3772 7.
1064 3709 1309 3791 resipiscentem
1334 3725 1436 3774 unum
1484 3705 1485 3710 ’

368 3797 566 3866 escatorem,
600 3791 705 3873 majus
730 3791 887 3874 gaudium
915 3813 1027 3857 oreore
1050 3795 1083 3858 in
1104 3795 1200 3872 colo,
1223 3813 1320 3877 quam
1338 3811 1438 3860 nona·

343 3807 439 3964 {tnta
460 3892 578 3952 norem
595 3877 714 3960 justos.
774 3875 1025 3962 Respondemus
1042 3879 1074 3942 id
1091 3879 1169 3958 dici,
1191 3883 1270 3968 quia
1286 3882 1437 3964 magisin

342 3966 559 4111 ppnrersione
581 3969 794 4047 peccatorum
822 3963 931 4028 elucet
958 3967 1131 4049 sapientia,
1153 3965 1294 4042 bonrtas,
1316 3984 1362 4032 ac
1387 3985 1439 4050 po·

379 4051 449 4109 nita
460 4047 537 4120 Dei.
581 4049 600 4112 J
606 4051 687 4112 ndei
701 4049 856 4114 dicebant
875 4051 1013 4120 Hebron
1026 4057 1186 4136 peccante
1196 4051 1274 4116 tiere
1284 4053 1434 4142 angelon
1484 4055 1485 4060 ’

345 4109 498 4206 Christus
512 4133 595 4200 dicit
605 4134 738 4205 homine
754 4138 977 4220 resipiscente,
997 4137 1300 4230 angelosgaudrre.
