3000 5006
69 415 147 497 t'op.
165 413 208 502 1.]
400 431 796 502 nauuuomrroerroua.
1090 421 1154 486 31⁶

71 585 186 648 eiouem
197 585 240 649 ab
255 587 345 650 omui
362 587 449 650 malo
464 586 631 670 producit,
651 609 816 654 summum
833 589 945 654 odium
961 591 1088 674 peooeti
1104 591 1153 654 iu·

73 679 211 752 generat,
226 681 260 736 et
271 672 390 736 ardeae
400 673 546 738 studium
560 675 654 751 boui;
674 695 778 758 quum
790 678 811 740 d
821 677 1029 740 oreaturieed
1044 675 1153 739 Deum

74 759 240 830 convertit,
263 758 468 822 voluntatem
492 759 555 823 Dei
578 778 690 824 amore
717 763 843 844 rmplet‚
864 761 1090 824 ferocientium
1107 760 1156 824 ai·

74 841 212 906 foetuum
224 843 384 908 tumultus
399 847 591 928 oompeeoit,
612 853 647 910 et
661 848 750 932 ipeoe
764 847 859 910 eiiere
870 847 979 929 jubet,
1000 851 1073 912 edm
1085 847 1156 928 agi·

74 933 122 990 tur
136 929 174 990 de
191 929 376 1011 preeundo
392 930 456 994 Dei
473 931 653 994 voluntate.
697 935 726 998 8.
752 933 863 1002 Quum
886 949 1007 1014 oorpne
1021 951 1157 1015 quoque

73 1015 100 1076 iu
116 1013 262 1078 ordinem
271 1019 373 1096 cogit,
388 1025 422 1078 et
437 1018 587 1080 ooutiaet
596 1017 722 1096 oeulos,
738 1037 865 1091 mauris,
881 1019 1041 1099 linguam,
1051 1035 1157 1093 auree,

73 1097 174 1181 pedes,
196 1120 239 1164 ne
254 1103 319 1164 eiut
336 1104 467 1166 oooaeio
480 1101 567 1166 maii.
612 1103 676 1168 Per
691 1123 764 1168 eam
774 1105 1092 1183 obliteraturiruago
1103 1122 1159 1165 ve·

72 1187 142 1246 teris
156 1184 290 1260 Mami,
312 1183 479 1268 effingitur
494 1191 603 1270 imago
628 1190 775 1264 secundi,
796 1193 932 1253 exuitur
947 1197 1042 1250 retus
1058 1188 1158 1250 bomo

70 1289 169 1333 novur
182 1269 348 1348 induitur,
365 1273 530 1336 receditur
544 1275 566 1337 d
581 1273 679 1351 maio,
695 1275 732 1340 it
749 1277 895 1354 bouum3
915 1281 951 1339 et
963 1275 1034 1340 hmo
1044 1275 1159 1338 omuia

70 1357 100 1418 ri
115 1355 256 1438 Spiritus
268 1357 507 1440 producuntur.

110 1441 166 1504 lv.
191 1443 224 1508 A
236 1441 473 1525 jurtifioatione
488 1447 521 1508 iu
539 1445 686 1526 pluribus
704 1446 815 1512 differt
831 1446 900 1510 breo
919 1441 1159 1520 motitimti03

68 1524 477 1611 distinguunturexpreaae
488 1534 520 1592 in
533 1532 713 1614 Scriptura.
735 1537 746 1594 t
761 1533 840 1597 Cor.
853 1535 897 1595 ri.
911 1533 959 1594 tl.
968 1529 1160 1614 puetifiooii

67 1617 145 1678 ,niu
169 1620 203 1680 ot
230 1613 440 1694 eonottflouti
453 1619 535 1680 ostie
545 1635 559 1689 ,·
582 1615 791 1699 juetifiuateo
815 1635 875 1680 uoe
891 1617 1046 1680 liberati
1062 1624 1158 1678 reatu

73 1703 205 1780 peccati,
228 1700 445 1764 eouotrdoatio
459 1703 480 1763 d
494 1701 646 1765 eordibue
671 1704 821 1786 peceati3
846 1699 1058 1784 jriotifioatio
1078 1719 1160 1764 oon·

68 1787 147 1848 sietit
172 1789 209 1848 in
235 1788 424 1850 remissione
450 1795 664 1868 peecatorum
691 1795 827 1870 propter
843 1787 1007 1868 justitiam
1035 1785 1160 1848 Curiati

72 1871 276 1954 imputatam,
296 1869 526 1952 oondifioutio
537 1875 571 1935 iu
588 1875 802 1936 renovatione
818 1875 948 1945 meutir,
969 1879 1003 1933 et
1014 1877 1064 1932 eet
1079 1870 1161 1952 quid

71 1956 228 2020 inherens
240 1975 250 2032 ;
264 1955 472 2040 justificatio
486 1963 538 2019 est
564 1957 721 2040 pertenta,
742 1964 777 2020 et
797 1956 950 2020 omuibus
965 1957 1019 2039 qui
1042 1954 1163 2037 juetid·

72 2051 183 2106 oautur
197 2061 243 2106 ex
258 2061 352 2125 eiquo
368 2043 545 2124 contingit,
558 2041 788 2124 sanctificatio
801 2048 853 2106 eat
866 2041 1032 2104 duntaxat
1048 2039 1163 2103 incho-

71 2135 131 2204 ue,
152 2137 186 2194 et
202 2127 410 2212 inequaliter
428 2126 538 2205 datur,
560 2127 784 2213 paulatimque
798 2130 833 2193 in
848 2125 986 2212 singuli·
1000 2145 1061 2211 pro
1072 2145 1163 2191 meu·

72 2211 140 2278 euri
151 2216 237 2278 ¹doui
254 2213 377 2278 Christi
394 2215 586 2298 prouehitur
597 2223 632 2280 et
641 2224 795 2297 augetur.

111 2299 154 2368 V,
178 2300 304 2366 Verum
317 2303 378 2364 etei
393 2300 550 2366 distincta
564 2304 631 2366 aiut
650 2301 721 2366 hmo
733 2299 904 2376 beuedoia,
924 2317 1095 2382 uunquam
1111 2304 1161 2364 ta·

71 2405 141 2450 meu
156 2397 364 2471 separantur,
386 2388 476 2451 unde
490 2391 607 2468 sapius
624 2405 691 2450 uuo
713 2387 899 2468 eodemque
914 2387 1078 2448 vocabulo
1105 2385 1162 2452 de·

71 2479 226 2536 notantur
242 2475 275 2535 in
291 2473 485 2554 Soriptura;
507 2474 612 2556 Apud
632 2471 740 2535 Deum
754 2477 804 2534 eet
814 2471 1031 2551 propitiatio,
1051 2471 1111 2534 eod
1124 2475 1162 2534 ui

68 2559 237 2631 tinuatur,
262 2557 314 2619 Pe.
332 2575 433 2618 cxxx.
449 2559 481 2620 4.
497 2557 546 2618 ita
565 2556 644 2618 Joh.
659 2558 671 2617 i
697 2555 740 2616 29
810 2557 933 2636 Agnus
956 2550 1022 2614 Dei
1040 2555 1163 2617 dieitur

70 2645 180 2708 tollere
192 2649 336 2723 peccota
347 2640 464 2703 mundi
474 2639 561 2702 totlit
575 2645 687 2702 autem
703 2637 883 2720 ausmdo
894 2655 1031 2718 prauam
1043 2647 1078 2701 et
1091 2657 1163 2702 nro·

65 2733 164 2792 outae
187 2725 416 2808 abstergendo.
464 2725 556 2788 Deuo
581 2725 652 2789 hee
674 2724 741 2788 duo
758 2724 916 2790 beneficia
930 2725 1107 2807 conjunxit
1129 2727 1164 2788 iu

65 2811 194 2876 imdere
217 2814 342 2894 gratier,
375 2812 539 2893 promittit
570 2831 606 2876 ee
624 2814 813 2895 propitium
827 2811 906 2895 soro
928 2813 1165 2893 iniquitatibus

65 2895 248 3050 ppprhiipt
259 2899 501 3046 inporippurlrpm
509 2899 619 3048 fimi
628 2899 665 2962 iri
679 2899 845 3044 ffirdpplue,
865 2897 883 2962 i
888 2915 988 2961 erem.
1004 2901 1096 2962 xxxi.
1109 2899 1165 2974 88,

112 3001 339 3047 .er·rur.
398 3027 407 3056 ‚
474 3029 484 3056 ‚
549 3001 661 3058 ,ex
723 3027 808 3055 ‚.

112 3069 177 3132 vl.
203 3068 277 3131 Nee
294 3069 419 3150 patitur
431 3072 476 3130 rei
487 3075 618 3143 natura,
634 3085 703 3130 rem
714 3066 856 3130 aliterue
869 3065 1008 3140 urbem
1022 3083 1089 3128 nou
1103 3063 1167 3129 fert

75 3159 159 3220 euim
172 3155 305 3236 justitia
317 3153 393 3228 Dei,
409 3152 593 3236 utadoptet
604 3151 818 3236 quoidamex
831 3149 1017 3214 homiuibus
1028 3153 1060 3214 to
1071 3147 1168 3228 filios,

75 3250 105 3304 et
117 3243 174 3324 jue
189 3241 267 3322 ipeir
281 3239 324 3302 ed
347 3241 449 3302 vitam
464 3238 639 3317 concedat,
660 3240 739 3324 quin
761 3236 860 3302 timul
875 3240 908 3298 iu
929 3237 968 3298 ite
990 3238 1166 3317 imaginem

77 3347 166 3392 ruam
179 3325 356 3408 iueouipat
368 3324 461 3388 uuita
471 3327 559 3390 euim
569 3333 620 3389 eet
630 3327 820 3390 commuuio
833 3323 1002 3386 tuoieoum
1012 3323 1168 3399 tenebris,

74 3429 113 3476 ao
138 3431 237 3476 nemo
259 3413 330 3474 uiue
355 3409 617 3476 eauotiioatioue
631 3411 762 3488 rieurua
784 3416 835 3474 eit
860 3407 978 3472 faeiem
1005 3407 1083 3482 Dei,
1104 3427 1167 3472 neo

79 3498 161 3561 uitus
177 3497 221 3560 ad
235 3505 357 3560 sortem
372 3503 563 3562 eauotorum
583 3499 617 3561 iu
639 3497 715 3560 luce
735 3493 973 3572 admittendus,
995 3495 1057 3556 uiui
1080 3495 1170 3576 pride

78 3583 215 3649 idoneus
230 3581 387 3647 reddatur
407 3583 452 3646 ad
476 3601 549 3648 eam
565 3589 700 3659 sortem,
723 3581 797 3645 Col.
815 3584 833 3645 i.
856 3581 904 3646 12.
962 3580 1034 3644 lmd
1049 3598 1117 3642 uon
1132 3582 1167 3641 iu

78 3668 174 3733 atium
186 3669 286 3732 tinem
302 3667 409 3732 indui
419 3671 481 3733 iuit
495 3669 591 3734 Deua
602 3689 679 3734 oum
690 3675 854 3745 ereatura,
869 3667 967 3749 quim
979 3674 1064 3730 uteo
1075 3681 1169 3730 muo-

79 3757 160 3818 titati
177 3755 363 3820 incumbat.

118 3839 197 3904 Vll.
225 3837 377 3904 Chrietur
391 3857 459 3902 nou
480 3838 579 3904 modd
594 3843 708 3904 neutra
729 3844 779 3904 eet
786 3839 931 3922 juetitio
945 3835 1003 3902 red
1018 3843 1053 3900 et
1071 3855 1167 3900 eono-

80 3923 232 4004 tisuootr'o,
258 3925 271 3988 l
292 3925 369 3988 Cor.
385 3925 406 3988 i.
422 3925 477 3989 80.
493 3923 561 3988 nou
589 3925 689 3988 modo
711 3945 777 3990 eoo
798 3931 910 3988 notter
926 3925 981 4006 qui
997 3941 1057 4005 pro
1073 3922 1168 3986 nobie

80 4011 246 4088 satisfecit,
268 4010 326 4074 eed
340 4015 375 4073 et
386 4014 491 4091 ooput
504 4009 596 4094 quod
617 4013 684 4074 eois
699 4009 879 4076 influxibus
890 4027 950 4072 uui
962 4007 1168 4087 aauotidcat3

80 4113 159 4162 mm
174 4099 338 4182 ejusque
354 4097 619 4179 propitiationem
637 4095 716 4159 iecit
727 4103 952 4181 peecatorum,
974 4092 1016 4156 ad
1027 4093 1170 4158 sanetifi-

80 4185 242 4250 rationem
259 4185 433 4246 innumera
448 4183 573 4245 motiva
587 4179 791 4266 suppeditet,
805 4179 884 4244 dum
901 4177 1081 4243 feditatem
1093 4199 1169 4265 peo-

78 4271 154 4350 oati‚
173 4268 290 4338 odium
306 4267 372 4334 Dei
392 4284 473 4354 erga
487 4273 675 4353 pennatum,
695 4283 843 4334 amorem
864 4264 988 4362 Christi
1002 4269 1168 4334 menarra-
