3032 4998
385 355 428 418 80
706 369 907 420 nunonocm
929 369 1153 421 cunrsnrnru.
1343 349 1422 438 [hit.
1434 355 1457 419 1.

387 525 487 589 vellet
511 527 580 590 istis
607 526 768 590 columnis
793 525 954 588 mendacii
978 533 1013 590 et
1036 528 1165 602 erroris,
1190 523 1246 589 ubi
1271 523 1353 588 nihil
1378 526 1459 590 uliud

387 615 487 694 quum
514 633 609 676 merie
634 613 751 675 inbuite
779 611 1058 693 proponebantur,
1082 611 1264 676 Ecclesium
1287 628 1394 674 verum
1409 633 1461 694 op·

387 717 520 779 ponere,
536 703 568 760 in
581 717 648 780 quc
659 717 723 760 non
736 697 934 759 exhihentur
947 699 1100 760 iulsorum
1113 697 1249 760 deorum
1262 695 1461 772 simulochm,

387 783 443 844 sed
474 803 551 846 veru
576 795 610 846 et
636 785 878 864 expressissima
902 783 969 845 veri
997 783 1061 846 Dei
1087 786 1121 844 in
1149 801 1249 844 corne
1274 781 1461 844 manifestati

387 870 507 950 imago,
524 889 588 932 non
603 875 832 950 proponuntur
847 867 977 942 sabulis,
992 867 1049 930 sed
1066 886 1220 948 magnum
1237 869 1368 948 pietatis
1383 887 1461 950 mys·

387 955 516 1027 terium,
539 973 600 1032 nec
616 954 770 1036 leguntur
786 951 948 1034 Apollinis
961 956 1044 1028 λοξίου
1060 953 1195 1016 oruculn
1209 951 1396 1034 flexiloquis,
1410 951 1460 1014 sed

387 1041 567 1100 certissima
589 1043 655 1100 veri
683 1039 746 1100 Dei
771 1039 823 1100 elo
847 1039 909 1098 uio.
957 1039 1020 1100 llic
1044 1040 1217 1098 ohservare
1243 1057 1308 1100 nou
1336 1038 1461 1119 pigebit,

387 1143 454 1198 eos,
476 1127 532 1206 qui
549 1127 624 1188 vilse
639 1058 855 1186 sanctimonih
871 1121 922 1184 vel
937 1121 1095 1184 doctrinm
1115 1121 1289 1204 splendore
1303 1121 1374 1184 aliis
1390 1143 1461 1204 pru·
1498 1175 1499 1180 ,

386 1210 564 1284 8ῑ8δαυῑ,“ίὶ
580 1210 744 1272 veteribus
759 1212 837 1276 ςύλες
853 1217 877 1293 ³9
893 1207 1048 1288 ihgosn'rpaln
1062 1237 1105 1277 της
1118 1203 1233 1276 &strias
1249 1215 1399 1281 vocato&
1419 1211 1461 1270 itu

388 1293 644 1380 chrysostomus
659 1294 837 1375 Apostolos
853 1301 950 1354 vocnt
965 1309 1009 1356 ru»
1020 1313 1072 1355 res
1087 1313 1115 1355 cr
1133 1299 1311 1366 columnas,
1326 1305 1360 1356 et
1374 1294 1460 1374 lgnu·

385 1381 452 1442 tius
474 1380 592 1442 mundi
612 1383 782 1441 columnus
808 1379 963 1460 appellnt.
1010 1377 1136 1440 Eodem
1162 1379 1271 1460 elogio
1296 1379 1461 1459 insignitur

386 1463 519 1526 Attalus
536 1463 678 1548 Martyr,
694 1463 905 1534 Athanasius,
922 1463 1084 1526 Eusebius
1099 1465 1347 1538 Sumosutensis,
1366 1473 1399 1526 et
1413 1464 1462 1526 ulii

386 1568 459 1611 corn
487 1549 580 1611 iures.

431 1569 491 1698 ily.
519 1635 568 1697 Ex
585 1635 681 1698 dictis
697 1636 809 1714 itaque
825 1639 956 1696 constat
972 1634 1146 1716 multiplex
1164 1634 1298 1717 quidem
1324 1634 1461 1698 officinm

385 1740 455 1782 esse
473 1719 628 1783 Ecclesiae
644 1723 733 1782 circu
748 1722 960 1800 scripturum,
983 1739 1049 1782 non
1067 1729 1176 1784 tumen
1199 1723 1242 1784 ab
1260 1739 1300 1784 ec
1314 1721 1460 1802 suspendi

383 1805 505 1868 debere
520 1807 696 1886 Scriptum
711 1807 962 1880 auctoritatem
987 1805 1144 1886 quicquid
1160 1809 1248 1868 enirn
1268 1809 1337 1888 ugit
1357 1807 1462 1868 Eccle·

384 1893 432 1954 sia
447 1893 536 1954 circu
552 1895 698 1962 verbum,
715 1910 781 1952 non
794 1890 930 1952 ulterius
942 1889 1142 1966 extenditur,
1158 1895 1256 1974 quim
1272 1898 1307 1952 ut
1324 1911 1382 1974 per
1396 1910 1461 1954 enm

342 1969 346 1980 “
385 1977 519 2040 credere
535 1976 694 2051 dicamur,
717 1994 784 2036 non
800 1977 877 2037 seru
897 1981 1031 2058 propter
1057 1995 1141 2050 eum,
1174 1985 1210 2039 ut
1226 1997 1283 2058 per
1295 1977 1461 2041 Samarite-

384 2080 461 2124 nam
478 2059 689 2124 crediderunt
704 2061 858 2122 concives
872 2062 954 2141 ejus.
1000 2061 1090 2123 ldern
1103 2064 1190 2124 enim
1205 2061 1366 2136 Ecclesia,
1382 2061 1462 2145 quod

385 2147 503 2208 mulier
517 2145 574 2208 ille
589 2145 781 2210 concivibus
796 2147 873 2218 suis,
891 2151 1020 2227 prmstnt
1036 2147 1130 2208 nobis
1145 2145 1306 2223 officium
1329 2161 1368 2210 ut
1383 2153 1461 2210 eninr

384 2229 591 2294 Samaritano
605 2230 744 2294 deduxit
760 2233 981 2292 samaritanos
997 2231 1038 2293 ed
1057 2230 1237 2309 Christum,
1253 2253 1319 2315 quo
1335 2237 1462 2316 cognito

384 2316 477 2380 illurn
491 2317 633 2400 amplexi
651 2325 728 2380 suut
745 2323 878 2398 propter
894 2335 927 2378 se
940 2320 1057 2398 ipsum,
1070 2337 1137 2379 non
1149 2329 1284 2399 propter
1295 2319 1462 2382 Samarita-

385 2421 435 2464 nae
452 2405 686 2478 testimonium,
708 2409 746 2464 ut
761 2403 820 2484 ipsi
837 2408 999 2475 usserunt,
1020 2401 1097 2465 Joh.
1114 2405 1155 2464 ir.
1172 2405 1234 2480 423
1256 2405 1303 2466 itu
1319 2404 1463 2468 Ecclesia

386 2505 445 2550 nos
470 2487 513 2550 nd
539 2489 742 2571 Scriptorum
766 2485 870 2558 ducit,
895 2505 1033 2568 eamque
1059 2489 1092 2549 in
1119 2505 1236 2550 manus
1262 2491 1384 2566 trodit3
1412 2487 1463 2552 sed

385 2573 542 2722 titul
556 2573 886 2740 llillllllf'ri‘ss?
899 2572 1462 2740 llllfflltsslzllrhslllf

384 2763 467 2817 mus,
489 2762 627 2825 eamque
644 2745 776 2826 p'ropter
791 2763 825 2804 se
841 2701 1089 2824 arhplectomur.
1134 2743 1204 2807 Eos
1222 2763 1407 2828 sequamur,
1422 2747 1463 2806 uit

382 2827 590 2908 Augustinus
623 2829 707 2890 Con.
733 2825 796 2910 Ep.
821 2827 984 2900 Fundam,
1007 2848 1036 2889 c.
1060 2829 1127 2890 xiv.
1150 2833 1207 2912 qui
1233 2851 1294 2895 nos
1319 2832 1462 2894 inuitant

377 2915 479 2994 prius
495 2916 636 2987 credere,
657 2915 742 2996 prend
766 2916 910 2976 nondum
924 2915 1074 2978 ualemus
1101 2915 1233 2988 intueri,
1256 2921 1295 2980 ul
1312 2916 1464 2998 ipeafidc

382 2997 690 3079 vahnliorcssncti,
712 2999 796 3081 quod
810 2999 974 3062 credimus
988 3001 1174 3082 intelligere
1189 3019 1384 3077 mercamur,
1405 3019 1464 3064 noc

376 3086 451 3168 jam
466 3084 663 3160 hominihus,
684 3087 742 3146 sect
758 3086 832 3166 ipso
849 3083 918 3146 Deo
940 3089 1076 3148 moralem
1097 3090 1247 3148 nostrum
1266 3089 1464 3150 intrinsecus

377 3167 538 3249 firmante
552 3174 583 3233 et
599 3170 820 3234 illuminante.
1388 3217 1389 3224 κ

430 3253 507 3316 lltec
522 3255 570 3316 ito
585 3263 675 3316 certe
691 3261 778 3329 sunt,
800 3261 837 3315 ut
859 3255 884 3314 si
907 3253 987 3335 quid
1005 3253 1155 3316 Ecclesia
1170 3253 1283 3332 nddct,
1305 3255 1466 3333 detrahet,

384 3343 454 3411 unt,
469 3337 698 3422 quoquomodo
708 3345 813 3400 mutet
824 3339 858 3398 in
871 3338 1159 3420 mandatisque&
1172 3341 1318 3404 Domino
1329 3346 1466 3425 occepit,

383 3425 473 3505 usque
497 3429 594 3484 atrox
620 3424 662 3483 sit
686 3423 758 3503 ejus
783 3421 901 3497 scelus,
923 3441 963 3485 nc
988 3426 1106 3486 notorii
1130 3425 1258 3488 tabulas
1281 3431 1465 3492 testamenti

384 3509 637 3589 corrumpentis,
668 3513 727 3567 sut
753 3509 911 3589 preconis
935 3511 1198 3572 commentitium
1224 3510 1372 3576 edictum
1399 3534 1466 3597 pro·

384 3593 582 3673 mulgentis;
604 3595 663 3652 nul
678 3591 821 3672 prefecti
838 3595 964 3673 regium
980 3593 1238 3676 chirographum
1252 3601 1467 3662 ementientis.

429 3677 532 3740 Vario
541 3695 614 3756 qum
631 3675 684 3737 hic
697 3683 828 3756 possent
844 3677 1009 3740 observari
1019 3679 1062 3742 nd
1075 3687 1254 3744 tructarum
1266 3683 1308 3748 de
1320 3683 1468 3747 Ecclesia

382 3761 609 3828 amandemus.
655 3757 729 3822 Hoc
743 3780 843 3824 unum
856 3761 987 3840 addam,
1003 3763 1128 3829 dictum
1140 3767 1267 3830 scilicet
1284 3769 1467 3834 Innocentii

385 3849 449 3913 111.
465 3845 635 3912 Pontificio
652 3843 805 3922 Romani,
825 3847 997 3911 Judicimn
1012 3848 1089 3924 Dei,
1102 3853 1219 3934 inquit,
1233 3857 1385 3931 veritali,
1397 3873 1467 3938 qum

385 3933 559 4016 mesauri,
580 3929 805 4016 mosacum,
820 3952 945 4016 semper
960 3934 1143 4007 insititiam
1169 3939 1339 4020 judicium
1359 3946 1467 4004 autem

387 4017 551 4083 Ecclesioe
565 4035 798 4099 nonnunquam
811 4021 999 4101 opinionem
1012 4021 1173 4103 sequitur,
1195 4043 1295 4106 quum
1309 4027 1467 4108 ctsnllcre

382 4121 475 4192 ιαμ
489 4107 656 4190 contingit
669 4101 805 4186 elsalli.
