2994 4996
307 430 366 498 100
620 431 822 484 rasoaoom
843 429 1065 482 oraremus.
1238 409 1326 496 [Lib.
1338 407 1388 474 11.

308 597 472 670 accrate
486 596 518 658 rt
530 591 647 656 missio
661 589 899 662 ministrorum,
920 587 996 650 Aot.
1012 585 1080 648 xiii.
1096 581 1128 644 2.
1162 581 1253 646 dieii
1278 579 1395 662 Spiri-

299 692 364 762 ‚me
379 683 533 756 Sanctus,
552 679 708 760 separate
728 673 811 740 mitti
830 671 1023 740 Bomobom
1037 673 1068 732 et
1084 667 1232 732 Paulum
1246 668 1292 729 nd
1305 686 1396 748 opus

311 773 357 835 od
372 768 457 854 quod
470 783 524 829 eos
538 764 671 840 vocavi,
692 759 768 824 Act.
785 777 842 824 xx.
858 759 909 822 28.
954 753 1124 820 Attendite
1147 753 1192 816 od
1205 771 1266 836 gre
1289 771 1341 814 em
1355 753 1398 814 irs

314 865 406 940 querit
427 867 486 918 mss
502 847 654 932 Spiritus
675 845 820 910 Sanctus
844 843 1017 908 mnetituit
1042 839 1224 924 episcopor.
1303 855 1421 912 ursus¹

315 943 378 1027 ipsi
391 939 546 1001 tribuitur
556 934 894 1006 illuminationoetru,
917 927 1032 1010 pr.i.
1045 926 1093 990 l'i.
1106 923 1154 989 18.
1196 921 1403 1003 Sanctifica-

316 1031 374 1103 tio,
410 1021 510 1086 iPet.
525 1021 547 1082 i.
563 1017 603 1082 2:
645 1007 839 1096 Vimficatro
865 1031 1046 1096 corpmum,
1080 1007 1180 1074 Rom.
1195 1009 1263 1072 viii.
1282 1007 1332 1070 ΙΙ.
1363 1013 1403 1070 et

316 1111 383 1176 alia
398 1125 468 1190 qum
484 1121 651 1168 recensere
666 1119 732 1164 non
748 1121 831 1184 opus
846 1109 906 1164 est.

360 1193 442 1258 Vll.
465 1191 544 1255 Non
555 1186 825 1254 dissimulandum
837 1192 947 1250 tamen
958 1183 1062 1248 rarius
1072 1181 1276 1264 scripturam
1287 1179 1404 1240 memi-

318 1283 405 1346 nisse
416 1273 623 1340 odorotioais
637 1281 671 1337 et
685 1273 908 1338 invocationis
922 1271 1071 1354 Spiritus,
1086 1269 1166 1349 quia
1175 1267 1208 1328 in
1219 1264 1407 1327 moonomia

320 1367 435 1431 salutis
459 1361 597 1444 Spiritus
612 1360 753 1422 Sanctus
778 1359 1005 1422 consideratur
1025 1355 1218 1436 plerumque
1233 1355 1272 1412 ut
1286 1355 1407 1412 auctor

320 1467 469 1536 precum,
492 1463 574 1528 quas
587 1441 631 1508 ad
647 1443 757 1507 Deum
780 1443 961 1525 dirigimus,
982 1437 1039 1502 sed
1054 1435 1087 1502 id
1102 1455 1169 1502 non
1184 1435 1232 1512 at,
1253 1435 1347 1516 quusi
1357 1435 1408 1496 sit

323 1537 429 1600 minus
444 1529 632 1594 adorandus
646 1530 746 1611 quim
764 1527 862 1592 Pater
877 1539 911 1593 et
927 1524 1040 1590 Filius.

742 1875 897 1946 CAPUT
919 1879 996 1943 XX.

462 2053 466 2061 '
594 2135 597 2142 Α
678 2051 727 2108 De
746 2029 917 2110 Proomrioue
936 2048 1065 2126 Spiritus.

374 2213 403 2281 1.
427 2215 483 2279 Da
505 2210 712 2297 processione
727 2207 866 2291 Spiritus
881 2205 1006 2290 aliquid
1022 2204 1197 2271 dicendum
1209 2209 1279 2290 jam
1294 2211 1355 2269 est.

375 2301 423 2364 11.
447 2297 629 2362 Procedera
655 2298 675 2358 i
701 2293 799 2356 Patre
825 2293 918 2356 locus
949 2292 1026 2358 doh.
1042 2312 1097 2355 xv.
1114 2293 1165 2356 26.
1189 2292 1418 2368 demonstrate

339 2387 420 2451 eom
437 2385 563 2450 venerit
574 2381 767 2466 paracietus
782 2380 849 2454 itte,
864 2397 955 2460 quem
963 2400 1023 2462 ego
1032 2379 1125 2442 uobis
1137 2379 1302 2444 mittamd
1314 2377 1421 2442 Putre

337 2473 488 2556 Spiritu&
503 2471 560 2532 ille
570 2467 727 2531 veritati&
742 2463 755 2526 ὅ
771 2464 844 2544 rapis
857 2493 900 2526 rou
914 2469 1009 2546 mergis
1024 2473 1188 2546 introgressae,
1207 2466 1300 2546 qttt'd
1316 2463 1422 2528 Patre

334 2557 485 2640 procedit
501 2557 617 2634 (istum
632 2551 741 2614 locum
757 2569 824 2612 non
842 2570 907 2614 uuo
923 2551 1022 2612 modo
1037 2553 1205 2632 explicant
1216 2549 1338 2628 docti.)

384 2642 447 2703 111.
473 2637 598 2701 Verum
613 2637 633 2697 ὲ
650 2635 734 2698 Filio
751 2637 849 2698 etiam
866 2635 1044 2718 procedere
1059 2635 1200 2717 probant
1215 2635 1271 2698 illa
1285 2635 1372 2710 loos,
1388 2636 1424 2696 iu

338 2727 455 2810 quibus
472 2745 537 2785 non
555 2723 695 2784 miuusi
712 2719 808 2796 Filio,
830 2739 927 2802 quam
944 2723 963 2782 t
980 2717 1077 2782 Patre
1100 2723 1184 2783 mitti
1207 2721 1338 2794 dieitur,
1360 2739 1426 2782 neo

340 2813 448 2874 miuus
464 2809 550 2874 Filii
564 2805 684 2868 dicitur
699 2805 848 2885 Spiritus,
871 2807 969 2886 quam
987 2805 1106 2870 Patris
1128 2806 1224 2868 Rom.
1242 2807 1307 2866 viii.
1327 2809 1356 2866 9.
1391 2807 1427 2866 si

343 2897 420 2978 quis
444 2893 611 2976 Spiritum
638 2889 766 2952 Christi
783 2910 848 2952 uon
867 2889 1036 2974 booetii-c.
1081 2891 1157 2953 Gai.
1173 2895 1214 2954 is.
1232 2892 1261 2954 6.
1297 2891 1430 2952 Eusisit

343 2981 434 3046 Deus
450 2977 614 3059 Spiritum
638 2973 722 3040 Filii
742 2975 799 3037 sui
821 2975 857 3038 in
878 2977 978 3038 cordo
1003 2979 1126 3052 uestro,
1157 2975 1235 3040 toh.
1250 2978 1318 3044 xvi.
1335 2977 1366 3036 7.
1389 2978 1424 3037 si

345 3086 412 3133 nou
427 3063 552 3136 obeam,
570 3062 761 3144 pernotetur
777 3061 833 3124 itte
847 3081 912 3124 aon
925 3063 1032 3126 veniet
1046 3063 1093 3124 od
1102 3081 1172 3138 voe,
1186 3063 1220 3126 ei
1230 3065 1340 3124 auten
1351 3081 1431 3143 pro·

337 3151 495 3234 ficiem,
517 3149 649 3210 mittam
663 3144 737 3209 eum
751 3146 798 3210 od
812 3163 880 3210 uos.
1112 3195 1115 3204 .

392 3235 452 3298 IV.
479 3235 722 3296 Processionem
747 3231 886 3314 Spiritus
901 3235 921 3294 i
934 3235 1146 3314 generatione
1164 3233 1330 3315 distingui,
1353 3253 1431 3314 pro·

347 3323 418 3385 bari
436 3325 544 3402 potest
559 3335 600 3380 ex
615 3337 666 3392 eo,
679 3314 768 3397 quod
783 3315 923 3398 Spiritus
939 3319 1079 3382 Sanctus
1094 3339 1220 3403 semper
1235 3317 1435 3403 procedere;

349 3423 519 3488 nunquam
533 3404 666 3483 genitus
689 3405 709 3462 ir
730 3401 827 3462 Patre
843 3400 981 3477 dicatur,
1003 3407 1099 3468 sicuti
1116 3424 1219 3488 neque
1234 3407 1305 3487 ejus
1320 3407 1434 3486 imago

348 3509 495 3575 unquam
510 3485 714 3570 appellatum
737 3485 792 3547 sed
809 3485 906 3566 hujus
920 3487 1138 3552 distinctionis
1154 3487 1285 3554 modum
1303 3493 1434 3552 curiose

349 3578 489 3642 serutari
505 3593 571 3634 nou
588 3571 753 3632 debemus.
800 3569 896 3633 Unde
916 3572 1030 3638 sedulo
1045 3575 1228 3638 cavendum
1243 3597 1312 3638 esse
1328 3575 1436 3638 oredi-

351 3683 424 3727 mus
440 3657 743 3722 &scholasticorum
759 3658 952 3738 intemperie
974 3657 1257 3745 intelicissimtque
1279 3657 1433 3724 audaoid.

353 3747 572 3827 Distingum
582 3739 768 3804 interitione
776 3745 1020 3827 generationem
1028 3749 1059 3810 et
1065 3749 1435 3828 processionemetescio,

353 3853 420 3898 uon
436 3833 540 3906 valeo,
560 3849 623 3891 noo
638 3827 776 3908 sufficio.
1089 3891 1091 3900 Ι

396 3917 441 3980 V.
465 3915 611 3978 Verbum
637 3913 769 3986 addam,
791 3911 832 3974 de
858 3933 941 3978 voce
963 3915 1125 3998 Spiritus,
1156 3915 1220 4001 qut
1240 3903 1435 3997 designatur

353 4005 453 4066 tertia
478 4001 648 4065 Trinitatis
674 4017 823 4080 persona.
867 3999 952 4064 Sane
977 3999 1108 4068 difficile
1133 4011 1183 4066 est
1205 4021 1316 4066 rernm
1339 4003 1438 4085 hujus

353 4089 630 4151 denominationis
645 4104 778 4148 causam
796 4087 946 4166 reperire.
991 4085 1023 4148 N
1026 4107 1068 4150 on
1081 4089 1236 4152 credibile
1248 4097 1298 4152 est
1307 4090 1356 4152 ita
1371 4089 1436 4150 diei

355 4172 399 4234 ad
415 4171 659 4252 significandam
677 4181 830 4232 naturam
845 4172 916 4252 ejus
930 4173 950 4232 d
962 4173 1153 4238 conditione
1174 4193 1351 4257 corporum
1373 4174 1437 4236 dis·

347 4259 505 4354 junctam
520 4265 554 4321 et
568 4258 820 4334 abhorrentem
842 4275 908 4321 nou
924 4259 1031 4326 ninus
1045 4261 1133 4328 enim
1147 4267 1265 4327 natura
1280 4259 1388 4324 Patris
1401 4267 1439 4322 et
