<?xml version="1.0" encoding="UTF-8"?>
<!DOCTYPE html PUBLIC "-//W3C//DTD XHTML 1.0 Transitional//EN"
    "http://www.w3.org/TR/xhtml1/DTD/xhtml1-transitional.dtd">
<html xmlns="http://www.w3.org/1999/xhtml" xml:lang="en" lang="en">
 <head>
  <title>
</title>
<meta http-equiv="Content-Type" content="text/html;charset=utf-8" />
  <meta name='ocr-system' content='tesseract 3.04.00' />
  <meta name='ocr-capabilities' content='ocr_page ocr_carea ocr_par ocr_line ocrx_word'/>
</head>
<body>
  <div class='ocr_page' id='page_1' title='image "./theologiachrist00pictgoog_0470.png"; bbox 0 0 2986 5160; ppageno 0'>
   <div class='ocr_carea' id='block_1_1' title="bbox 288 413 1019 500">
    <p class='ocr_par' dir='ltr' id='par_1_1' title="bbox 288 413 1019 500">
     <span class='ocr_line' id='line_1_1' title="bbox 288 413 1019 500; baseline -0.003 -24"><span class='ocrx_word' id='word_1_1' title='bbox 288 445 291 452; x_wconf 67' lang='grc'><strong><em>»</em></strong></span> <span class='ocrx_word' id='word_1_2' title='bbox 336 413 401 500; x_wconf 76' lang='grc'>248</span> <span class='ocrx_word' id='word_1_3' title='bbox 747 423 860 476; x_wconf 74' lang='lat' dir='ltr'>ranan</span> <span class='ocrx_word' id='word_1_4' title='bbox 883 422 1019 474; x_wconf 83' lang='grc'><strong>00000.</strong></span> 
     </span>
    </p>
   </div>
   <div class='ocr_carea' id='block_1_2' title="bbox 332 526 1422 3063">
    <p class='ocr_par' dir='ltr' id='par_1_2' title="bbox 332 526 1422 3063">
     <span class='ocr_line' id='line_1_2' title="bbox 380 526 1422 652; baseline -0.007 -2"><span class='ocrx_word' id='word_1_5' title='bbox 380 582 578 650; x_wconf 80' lang='lat' dir='ltr'>Paulilleb.</span> <span class='ocrx_word' id='word_1_6' title='bbox 594 583 639 646; x_wconf 82' lang='lat' dir='ltr'>xi.</span> <span class='ocrx_word' id='word_1_7' title='bbox 661 584 686 646; x_wconf 91' lang='lat' dir='ltr'>l.</span> <span class='ocrx_word' id='word_1_8' title='bbox 709 581 783 647; x_wconf 98' lang='grc'><strong>290.</strong></span> <span class='ocrx_word' id='word_1_9' title='bbox 827 581 958 648; x_wconf 81' lang='lat' dir='ltr'>Artatur</span> <span class='ocrx_word' id='word_1_10' title='bbox 971 582 1047 646; x_wconf 84' lang='grc'><strong>6602</strong></span> <span class='ocrx_word' id='word_1_11' title='bbox 1061 583 1112 646; x_wconf 86' lang='lat' dir='ltr'>asi</span> <span class='ocrx_word' id='word_1_12' title='bbox 1135 579 1238 652; x_wconf 78' lang='lat' dir='ltr'>Deus,</span> <span class='ocrx_word' id='word_1_13' title='bbox 1257 579 1334 644; x_wconf 84' lang='grc'><strong>292.</strong></span> <span class='ocrx_word' id='word_1_14' title='bbox 1359 526 1422 580; x_wconf 53' lang='grc' dir='ltr'>ω</span> 
     </span>
     <span class='ocr_line' id='line_1_3' title="bbox 376 669 1336 752; baseline -0.005 -19"><span class='ocrx_word' id='word_1_15' title='bbox 376 673 569 752; x_wconf 80' lang='lat' dir='ltr'>subjectum</span> <span class='ocrx_word' id='word_1_16' title='bbox 593 671 664 751; x_wconf 86' lang='lat' dir='ltr'>ejus</span> <span class='ocrx_word' id='word_1_17' title='bbox 684 677 761 730; x_wconf 86' lang='lat' dir='ltr'>sunt</span> <span class='ocrx_word' id='word_1_18' title='bbox 784 675 914 732; x_wconf 85' lang='lat' dir='ltr'>tantum</span> <span class='ocrx_word' id='word_1_19' title='bbox 935 669 1044 743; x_wconf 82' lang='lat' dir='ltr'>electi,</span> <span class='ocrx_word' id='word_1_20' title='bbox 1065 673 1100 732; x_wconf 88' lang='lat' dir='ltr'>et</span> <span class='ocrx_word' id='word_1_21' title='bbox 1125 669 1258 748; x_wconf 84' lang='lat' dir='ltr'>quidem</span> <span class='ocrx_word' id='word_1_22' title='bbox 1278 671 1336 752; x_wconf 88' lang='lat' dir='ltr'>qui</span> 
     </span>
     <span class='ocr_line' id='line_1_4' title="bbox 376 753 1334 836; baseline -0.007 -16"><span class='ocrx_word' id='word_1_23' title='bbox 376 760 506 820; x_wconf 87' lang='lat' dir='ltr'>ratione</span> <span class='ocrx_word' id='word_1_24' title='bbox 520 775 579 817; x_wconf 90' lang='lat' dir='ltr'>sua</span> <span class='ocrx_word' id='word_1_25' title='bbox 596 758 642 816; x_wconf 90' lang='lat' dir='ltr'>uti</span> <span class='ocrx_word' id='word_1_26' title='bbox 666 763 813 836; x_wconf 76' lang='lat' dir='ltr'><strong>possunt,</strong></span> <span class='ocrx_word' id='word_1_27' title='bbox 835 757 879 818; x_wconf 84' lang='grc'>26.</span> <span class='ocrx_word' id='word_1_28' title='bbox 926 757 1111 818; x_wconf 85' lang='lat' dir='ltr'>Discrimen</span> <span class='ocrx_word' id='word_1_29' title='bbox 1127 761 1214 816; x_wconf 84' lang='lat' dir='ltr'>inter</span> <span class='ocrx_word' id='word_1_30' title='bbox 1236 753 1334 816; x_wconf 86' lang='lat' dir='ltr'>tidem</span> 
     </span>
     <span class='ocr_line' id='line_1_5' title="bbox 376 839 1337 923; baseline -0.007 -18"><span class='ocrx_word' id='word_1_31' title='bbox 376 841 554 905; x_wconf 80' lang='lat' dir='ltr'>salvificam</span> <span class='ocrx_word' id='word_1_32' title='bbox 585 851 619 904; x_wconf 88' lang='lat' dir='ltr'>et</span> <span class='ocrx_word' id='word_1_33' title='bbox 646 845 878 923; x_wconf 85' lang='lat' dir='ltr'>temporariam</span> <span class='ocrx_word' id='word_1_34' title='bbox 904 841 1055 922; x_wconf 84' lang='lat' dir='ltr'>pluribus</span> <span class='ocrx_word' id='word_1_35' title='bbox 1080 839 1337 912; x_wconf 82' lang='lat' dir='ltr'>demonstratur,</span> 
     </span>
     <span class='ocr_line' id='line_1_6' title="bbox 376 924 1338 1008; baseline -0.004 -16"><span class='ocrx_word' id='word_1_36' title='bbox 376 930 419 992; x_wconf 84' lang='grc'>26.</span> <span class='ocrx_word' id='word_1_37' title='bbox 444 927 605 1008; x_wconf 73' lang='lat' dir='ltr'><strong>Opposita</strong></span> <span class='ocrx_word' id='word_1_38' title='bbox 619 926 693 989; x_wconf 85' lang='lat' dir='ltr'>fidei</span> <span class='ocrx_word' id='word_1_39' title='bbox 707 945 788 1008; x_wconf 78' lang='lat' dir='ltr'>quse.</span> <span class='ocrx_word' id='word_1_40' title='bbox 804 927 879 990; x_wconf 83' lang='grc'><strong>293,</strong></span> <span class='ocrx_word' id='word_1_41' title='bbox 903 925 1001 990; x_wconf 83' lang='lat' dir='ltr'>Fides</span> <span class='ocrx_word' id='word_1_42' title='bbox 1015 927 1081 988; x_wconf 81' lang='lat' dir='ltr'>alia</span> <span class='ocrx_word' id='word_1_43' title='bbox 1094 933 1145 988; x_wconf 89' lang='lat' dir='ltr'>est</span> <span class='ocrx_word' id='word_1_44' title='bbox 1155 924 1260 998; x_wconf 87' lang='lat' dir='ltr'>firma</span> <span class='ocrx_word' id='word_1_45' title='bbox 1269 925 1338 988; x_wconf 89' lang='lat' dir='ltr'>alia</span> 
     </span>
     <span class='ocr_line' id='line_1_7' title="bbox 378 1004 1422 1096; baseline -0.007 -19"><span class='ocrx_word' id='word_1_46' title='bbox 378 1013 517 1087; x_wconf 81' lang='lat' dir='ltr'>infirma,</span> <span class='ocrx_word' id='word_1_47' title='bbox 538 1012 580 1074; x_wconf 81' lang='lat' dir='ltr'>ib.</span> <span class='ocrx_word' id='word_1_48' title='bbox 614 1011 774 1096; x_wconf 81' lang='lat' dir='ltr'>dequeed</span> <span class='ocrx_word' id='word_1_49' title='bbox 801 1012 904 1074; x_wconf 81' lang='lat' dir='ltr'>fidelis</span> <span class='ocrx_word' id='word_1_50' title='bbox 928 1021 1122 1092; x_wconf 70' lang='lat' dir='ltr'><strong>potestesse</strong></span> <span class='ocrx_word' id='word_1_51' title='bbox 1147 1007 1319 1074; x_wconf 83' lang='lat' dir='ltr'>nerius‘..</span> <span class='ocrx_word' id='word_1_52' title='bbox 1325 1004 1422 1070; x_wconf 88' lang='grc'><strong>,296</strong></span> 
     </span>
     <span class='ocr_line' id='line_1_8' title="bbox 335 1094 1421 1194; baseline -0.006 -32"><span class='ocrx_word' id='word_1_53' title='bbox 335 1131 590 1152; x_wconf 89' lang='lat'><em>-·-----</em></span> <span class='ocrx_word' id='word_1_54' title='bbox 605 1098 775 1194; x_wconf 86' lang='lat' dir='ltr'>quomodo</span> <span class='ocrx_word' id='word_1_55' title='bbox 785 1095 1005 1178; x_wconf 70' lang='grc'><strong>2002260022...</strong></span> <span class='ocrx_word' id='word_1_56' title='bbox 1295 1094 1421 1158; x_wconf 94' lang='grc'><strong>...306</strong></span> 
     </span>
     <span class='ocr_line' id='line_1_9' title="bbox 335 1179 1422 1266; baseline -0.009 -16"><span class='ocrx_word' id='word_1_57' title='bbox 335 1185 475 1250; x_wconf 82' lang='lat' dir='ltr'>Fiducia</span> <span class='ocrx_word' id='word_1_58' title='bbox 489 1203 531 1246; x_wconf 88' lang='grc'>00</span> <span class='ocrx_word' id='word_1_59' title='bbox 547 1185 645 1246; x_wconf 84' lang='grc'><strong>02260</strong></span> <span class='ocrx_word' id='word_1_60' title='bbox 661 1187 801 1247; x_wconf 74' lang='lat' dir='ltr'>essentia</span> <span class='ocrx_word' id='word_1_61' title='bbox 816 1183 890 1246; x_wconf 85' lang='lat' dir='ltr'>fidei</span> <span class='ocrx_word' id='word_1_62' title='bbox 906 1183 1097 1266; x_wconf 88' lang='lat' dir='ltr'>disquiritur</span> <span class='ocrx_word' id='word_1_63' title='bbox 1125 1224 1333 1244; x_wconf 93' lang='grc'><strong>,,,,,,</strong></span> <span class='ocrx_word' id='word_1_64' title='bbox 1358 1179 1422 1240; x_wconf 88' lang='grc'><strong>289</strong></span> 
     </span>
     <span class='ocr_line' id='line_1_10' title="bbox 337 1269 929 1354; baseline -0.005 -20"><span class='ocrx_word' id='word_1_65' title='bbox 337 1271 400 1354; x_wconf 78' lang='lat' dir='ltr'>Fig</span> <span class='ocrx_word' id='word_1_66' title='bbox 403 1279 514 1334; x_wconf 87' lang='lat' dir='ltr'>uratus</span> <span class='ocrx_word' id='word_1_67' title='bbox 529 1287 653 1332; x_wconf 87' lang='lat' dir='ltr'>sensus.</span> <span class='ocrx_word' id='word_1_68' title='bbox 704 1269 788 1332; x_wconf 84' lang='lat' dir='ltr'>Vide</span> <span class='ocrx_word' id='word_1_69' title='bbox 805 1287 929 1332; x_wconf 82' lang='lat' dir='ltr'>sensus.</span> 
     </span>
     <span class='ocr_line' id='line_1_11' title="bbox 335 1353 1421 1436; baseline -0.004 -16"><span class='ocrx_word' id='word_1_70' title='bbox 335 1357 471 1420; x_wconf 88' lang='lat' dir='ltr'>Filiatio</span> <span class='ocrx_word' id='word_1_71' title='bbox 486 1355 691 1419; x_wconf 78' lang='lat' dir='ltr'>credentium</span> <span class='ocrx_word' id='word_1_72' title='bbox 707 1363 757 1417; x_wconf 85' lang='lat' dir='ltr'>est</span> <span class='ocrx_word' id='word_1_73' title='bbox 773 1357 921 1418; x_wconf 80' lang='lat' dir='ltr'>maxima</span> <span class='ocrx_word' id='word_1_74' title='bbox 937 1354 1108 1436; x_wconf 71' lang='lat' dir='ltr'>dignitatis</span> <span class='ocrx_word' id='word_1_75' title='bbox 1124 1395 1333 1416; x_wconf 71' lang='grc'><strong>.....</strong></span> <span class='ocrx_word' id='word_1_76' title='bbox 1357 1353 1421 1416; x_wconf 89' lang='grc'>309</span> 
     </span>
     <span class='ocr_line' id='line_1_12' title="bbox 335 1439 1336 1518; baseline -0.006 -12"><span class='ocrx_word' id='word_1_77' title='bbox 335 1443 450 1518; x_wconf 86' lang='lat' dir='ltr'>Filius,</span> <span class='ocrx_word' id='word_1_78' title='bbox 467 1443 613 1504; x_wconf 77' lang='lat' dir='ltr'>secunda</span> <span class='ocrx_word' id='word_1_79' title='bbox 627 1441 799 1504; x_wconf 72' lang='lat' dir='ltr'>Trinitatis</span> <span class='ocrx_word' id='word_1_80' title='bbox 816 1441 970 1513; x_wconf 73' lang='lat' dir='ltr'>Persona,</span> <span class='ocrx_word' id='word_1_81' title='bbox 985 1451 1035 1502; x_wconf 81' lang='lat' dir='ltr'>est</span> <span class='ocrx_word' id='word_1_82' title='bbox 1049 1459 1147 1503; x_wconf 76' lang='lat' dir='ltr'>verus</span> <span class='ocrx_word' id='word_1_83' title='bbox 1164 1439 1267 1512; x_wconf 85' lang='lat' dir='ltr'>Deus,</span> <span class='ocrx_word' id='word_1_84' title='bbox 1283 1440 1336 1500; x_wconf 89' lang='grc'>92.</span> 
     </span>
     <span class='ocr_line' id='line_1_13' title="bbox 378 1489 1335 1608; baseline -0.005 -17"><span class='ocrx_word' id='word_1_85' title='bbox 378 1489 450 1592; x_wconf 83' lang='lat' dir='ltr'>Imd</span> <span class='ocrx_word' id='word_1_86' title='bbox 466 1547 613 1590; x_wconf 85' lang='lat' dir='ltr'>summus</span> <span class='ocrx_word' id='word_1_87' title='bbox 631 1527 723 1590; x_wconf 90' lang='lat' dir='ltr'>Deas</span> <span class='ocrx_word' id='word_1_88' title='bbox 740 1525 830 1589; x_wconf 89' lang='lat' dir='ltr'>Patri</span> <span class='ocrx_word' id='word_1_89' title='bbox 845 1527 991 1608; x_wconf 74' lang='lat' dir='ltr'>aqualis,</span> <span class='ocrx_word' id='word_1_90' title='bbox 1006 1527 1056 1588; x_wconf 83' lang='lat'>94.</span> <span class='ocrx_word' id='word_1_91' title='bbox 1074 1527 1162 1590; x_wconf 81' lang='grc'><strong>0022</strong></span> <span class='ocrx_word' id='word_1_92' title='bbox 1178 1525 1277 1587; x_wconf 89' lang='lat' dir='ltr'>Patre</span> <span class='ocrx_word' id='word_1_93' title='bbox 1289 1523 1335 1586; x_wconf 88' lang='grc'>06</span> 
     </span>
     <span class='ocr_line' id='line_1_14' title="bbox 378 1609 1420 1694; baseline -0.004 -18"><span class='ocrx_word' id='word_1_94' title='bbox 378 1615 687 1694; x_wconf 80' lang='lat' dir='ltr'>aeternogenitns...</span> <span class='ocrx_word' id='word_1_95' title='bbox 956 1657 992 1674; x_wconf 89' lang='lat'>...</span> <span class='ocrx_word' id='word_1_96' title='bbox 1324 1609 1420 1672; x_wconf 89' lang='grc'>96</span> 
     </span>
     <span class='ocr_line' id='line_1_15' title="bbox 335 1651 1336 1780; baseline -0.005 -17"><span class='ocrx_word' id='word_1_97' title='bbox 335 1699 457 1763; x_wconf 78' lang='lat' dir='ltr'>Finitus</span> <span class='ocrx_word' id='word_1_98' title='bbox 468 1709 594 1762; x_wconf 77' lang='lat' dir='ltr'>nature</span> <span class='ocrx_word' id='word_1_99' title='bbox 610 1699 703 1761; x_wconf 85' lang='lat' dir='ltr'>Deos</span> <span class='ocrx_word' id='word_1_100' title='bbox 713 1717 789 1762; x_wconf 86' lang='grc'>000</span> <span class='ocrx_word' id='word_1_101' title='bbox 804 1699 935 1762; x_wconf 77' lang='lat' dir='ltr'>somine</span> <span class='ocrx_word' id='word_1_102' title='bbox 947 1697 1148 1780; x_wconf 85' lang='lat' dir='ltr'>primainiit,</span> <span class='ocrx_word' id='word_1_103' title='bbox 1162 1693 1233 1760; x_wconf 74' lang='lat' dir='ltr'>rsa</span> <span class='ocrx_word' id='word_1_104' title='bbox 1236 1651 1336 1778; x_wconf 86' lang='lat' dir='ltr'>qnod</span> 
     </span>
     <span class='ocr_line' id='line_1_16' title="bbox 377 1781 1335 1867; baseline -0.006 -19"><span class='ocrx_word' id='word_1_105' title='bbox 377 1783 483 1848; x_wconf 75' lang='lat' dir='ltr'>lodus</span> <span class='ocrx_word' id='word_1_106' title='bbox 497 1803 553 1867; x_wconf 86' lang='lat' dir='ltr'>per</span> <span class='ocrx_word' id='word_1_107' title='bbox 571 1793 679 1866; x_wconf 81' lang='lat' dir='ltr'>partes</span> <span class='ocrx_word' id='word_1_108' title='bbox 700 1785 896 1858; x_wconf 72' lang='lat' dir='ltr'>declaratur,</span> <span class='ocrx_word' id='word_1_109' title='bbox 919 1785 985 1848; x_wconf 87' lang='grc'><strong>231.</strong></span> <span class='ocrx_word' id='word_1_110' title='bbox 1009 1781 1218 1844; x_wconf 83' lang='grc'><strong>2000020200</strong></span> <span class='ocrx_word' id='word_1_111' title='bbox 1238 1797 1335 1843; x_wconf 83' lang='lat' dir='ltr'>rona·</span> 
     </span>
     <span class='ocr_line' id='line_1_17' title="bbox 378 1867 1336 1953; baseline -0.002 -21"><span class='ocrx_word' id='word_1_112' title='bbox 378 1877 432 1932; x_wconf 91' lang='lat' dir='ltr'>tur</span> <span class='ocrx_word' id='word_1_113' title='bbox 448 1871 609 1945; x_wconf 86' lang='lat' dir='ltr'>naturale,</span> <span class='ocrx_word' id='word_1_114' title='bbox 626 1871 740 1952; x_wconf 75' lang='lat' dir='ltr'>legale,</span> <span class='ocrx_word' id='word_1_115' title='bbox 755 1889 795 1934; x_wconf 88' lang='grc'>00</span> <span class='ocrx_word' id='word_1_116' title='bbox 811 1869 917 1932; x_wconf 71' lang='lat' dir='ltr'>lodus</span> <span class='ocrx_word' id='word_1_117' title='bbox 938 1887 1086 1953; x_wconf 84' lang='lat' dir='ltr'>operum,</span> <span class='ocrx_word' id='word_1_118' title='bbox 1105 1867 1173 1932; x_wconf 76' lang='lat' dir='ltr'>rae.</span> <span class='ocrx_word' id='word_1_119' title='bbox 1196 1872 1265 1936; x_wconf 86' lang='grc'>000</span> <span class='ocrx_word' id='word_1_120' title='bbox 1279 1867 1336 1930; x_wconf 88' lang='grc'>60-</span> 
     </span>
     <span class='ocr_line' id='line_1_18' title="bbox 378 1945 1419 2036; baseline -0.005 -16"><span class='ocrx_word' id='word_1_121' title='bbox 378 1955 452 2020; x_wconf 83' lang='lat' dir='ltr'>butt</span> <span class='ocrx_word' id='word_1_122' title='bbox 463 1954 694 2028; x_wconf 79' lang='lat' dir='ltr'>Mediatorem</span> <span class='ocrx_word' id='word_1_123' title='bbox 710 1957 753 2019; x_wconf 82' lang='grc'>26.</span> <span class='ocrx_word' id='word_1_124' title='bbox 769 1957 929 2019; x_wconf 83' lang='lat' dir='ltr'>externa&#39;</span> <span class='ocrx_word' id='word_1_125' title='bbox 922 1975 955 2018; x_wconf 84' lang='lat' dir='ltr'>tn</span> <span class='ocrx_word' id='word_1_126' title='bbox 973 1957 1035 2018; x_wconf 89' lang='grc'>600</span> <span class='ocrx_word' id='word_1_127' title='bbox 1053 1953 1174 2016; x_wconf 79' lang='lat' dir='ltr'>tradere</span> <span class='ocrx_word' id='word_1_128' title='bbox 1183 1951 1337 2036; x_wconf 74' lang='lat' dir='ltr'>symbola</span> <span class='ocrx_word' id='word_1_129' title='bbox 1371 1945 1419 2016; x_wconf 84' lang='grc'>32</span> 
     </span>
     <span class='ocr_line' id='line_1_19' title="bbox 336 2037 1337 2125; baseline -0.004 -19"><span class='ocrx_word' id='word_1_130' title='bbox 336 2041 459 2106; x_wconf 80' lang='lat' dir='ltr'>Foedus</span> <span class='ocrx_word' id='word_1_131' title='bbox 480 2044 605 2105; x_wconf 79' lang='lat' dir='ltr'>Gratia</span> <span class='ocrx_word' id='word_1_132' title='bbox 619 2041 831 2125; x_wconf 81' lang='lat' dir='ltr'>descriptum,</span> <span class='ocrx_word' id='word_1_133' title='bbox 857 2041 931 2104; x_wconf 76' lang='lat'><strong>270.</strong></span> <span class='ocrx_word' id='word_1_134' title='bbox 964 2059 1066 2124; x_wconf 86' lang='lat' dir='ltr'>quare</span> <span class='ocrx_word' id='word_1_135' title='bbox 1080 2039 1211 2102; x_wconf 78' lang='lat' dir='ltr'>dinatus</span> <span class='ocrx_word' id='word_1_136' title='bbox 1231 2037 1337 2102; x_wconf 84' lang='grc'><strong>20600</strong></span> 
     </span>
     <span class='ocr_line' id='line_1_20' title="bbox 377 2123 1337 2208; baseline -0.005 -17"><span class='ocrx_word' id='word_1_137' title='bbox 377 2147 513 2202; x_wconf 78' lang='lat' dir='ltr'>norunt,</span> <span class='ocrx_word' id='word_1_138' title='bbox 530 2137 567 2188; x_wconf 87' lang='lat' dir='ltr'>ut</span> <span class='ocrx_word' id='word_1_139' title='bbox 582 2136 615 2190; x_wconf 89' lang='lat' dir='ltr'>et</span> <span class='ocrx_word' id='word_1_140' title='bbox 631 2131 744 2208; x_wconf 76' lang='lat' dir='ltr'>gratim</span> <span class='ocrx_word' id='word_1_141' title='bbox 760 2127 877 2198; x_wconf 79' lang='grc'><strong>20000,</strong></span> <span class='ocrx_word' id='word_1_142' title='bbox 891 2130 937 2190; x_wconf 80' lang='grc'>26.</span> <span class='ocrx_word' id='word_1_143' title='bbox 965 2127 1199 2190; x_wconf 79' lang='lat' dir='ltr'>convenientia</span> <span class='ocrx_word' id='word_1_144' title='bbox 1219 2143 1260 2188; x_wconf 88' lang='grc'>00</span> <span class='ocrx_word' id='word_1_145' title='bbox 1275 2123 1337 2186; x_wconf 84' lang='grc'><strong>622·</strong></span> 
     </span>
     <span class='ocr_line' id='line_1_21' title="bbox 376 2209 1337 2294; baseline -0.002 -20"><span class='ocrx_word' id='word_1_146' title='bbox 376 2213 517 2275; x_wconf 76' lang='grc'><strong>20000220</strong></span> <span class='ocrx_word' id='word_1_147' title='bbox 531 2215 617 2274; x_wconf 86' lang='lat' dir='ltr'>inter</span> <span class='ocrx_word' id='word_1_148' title='bbox 632 2211 737 2274; x_wconf 84' lang='grc'><strong>20000</strong></span> <span class='ocrx_word' id='word_1_149' title='bbox 758 2231 896 2294; x_wconf 80' lang='lat' dir='ltr'>operum</span> <span class='ocrx_word' id='word_1_150' title='bbox 912 2220 946 2275; x_wconf 91' lang='lat' dir='ltr'>et</span> <span class='ocrx_word' id='word_1_151' title='bbox 965 2213 1090 2294; x_wconf 74' lang='lat' dir='ltr'>gratita,</span> <span class='ocrx_word' id='word_1_152' title='bbox 1106 2211 1180 2273; x_wconf 86' lang='grc'><strong>222,</strong></span> <span class='ocrx_word' id='word_1_153' title='bbox 1211 2209 1337 2274; x_wconf 81' lang='lat' dir='ltr'>Gratias</span> 
     </span>
     <span class='ocr_line' id='line_1_22' title="bbox 375 2295 1333 2377; baseline 0 -19"><span class='ocrx_word' id='word_1_154' title='bbox 375 2295 507 2358; x_wconf 78' lang='lat' dir='ltr'>tmdus’</span> <span class='ocrx_word' id='word_1_155' title='bbox 493 2311 563 2374; x_wconf 80' lang='lat' dir='ltr'>Jam</span> <span class='ocrx_word' id='word_1_156' title='bbox 575 2295 720 2357; x_wconf 84' lang='lat' dir='ltr'>obtinuit</span> <span class='ocrx_word' id='word_1_157' title='bbox 734 2297 795 2356; x_wconf 84' lang='lat' dir='ltr'>sub</span> <span class='ocrx_word' id='word_1_158' title='bbox 808 2299 909 2358; x_wconf 86' lang='lat' dir='ltr'>reteri</span> <span class='ocrx_word' id='word_1_159' title='bbox 922 2297 1148 2370; x_wconf 74' lang='lat' dir='ltr'>Testamenta,</span> <span class='ocrx_word' id='word_1_160' title='bbox 1164 2296 1205 2360; x_wconf 84' lang='grc'>26.</span> <span class='ocrx_word' id='word_1_161' title='bbox 1221 2313 1333 2377; x_wconf 87' lang='lat' dir='ltr'>quam·</span> 
     </span>
     <span class='ocr_line' id='line_1_23' title="bbox 375 2379 1332 2461; baseline 0.002 -19"><span class='ocrx_word' id='word_1_162' title='bbox 375 2385 425 2442; x_wconf 84' lang='lat' dir='ltr'>vis</span> <span class='ocrx_word' id='word_1_163' title='bbox 451 2389 561 2442; x_wconf 87' lang='lat' dir='ltr'>tamen</span> <span class='ocrx_word' id='word_1_164' title='bbox 584 2382 669 2442; x_wconf 88' lang='lat' dir='ltr'>inter</span> <span class='ocrx_word' id='word_1_165' title='bbox 695 2379 826 2442; x_wconf 75' lang='lat' dir='ltr'>foderis</span> <span class='ocrx_word' id='word_1_166' title='bbox 846 2383 961 2461; x_wconf 73' lang='lat' dir='ltr'>gratiss</span> <span class='ocrx_word' id='word_1_167' title='bbox 986 2386 1132 2444; x_wconf 78' lang='lat' dir='ltr'>veterem</span> <span class='ocrx_word' id='word_1_168' title='bbox 1155 2391 1189 2444; x_wconf 88' lang='lat' dir='ltr'>et</span> <span class='ocrx_word' id='word_1_169' title='bbox 1212 2398 1332 2444; x_wconf 82' lang='lat' dir='ltr'>noram</span> 
     </span>
     <span class='ocr_line' id='line_1_24' title="bbox 377 2462 1413 2530; baseline -0.003 0"><span class='ocrx_word' id='word_1_170' title='bbox 377 2466 593 2530; x_wconf 80' lang='lat' dir='ltr'>meonotniam</span> <span class='ocrx_word' id='word_1_171' title='bbox 610 2463 785 2529; x_wconf 83' lang='lat' dir='ltr'>disarirnen</span> <span class='ocrx_word' id='word_1_172' title='bbox 801 2467 842 2528; x_wconf 87' lang='lat' dir='ltr'>sit</span> <span class='ocrx_word' id='word_1_173' title='bbox 953 2509 1330 2528; x_wconf 91' lang='grc'><strong>.........</strong></span> <span class='ocrx_word' id='word_1_174' title='bbox 1351 2462 1413 2528; x_wconf 87' lang='grc'>222</span> 
     </span>
     <span class='ocr_line' id='line_1_25' title="bbox 336 2550 1417 2635; baseline -0.002 -19"><span class='ocrx_word' id='word_1_175' title='bbox 336 2551 456 2616; x_wconf 82' lang='lat' dir='ltr'>Fmdus</span> <span class='ocrx_word' id='word_1_176' title='bbox 471 2553 584 2632; x_wconf 76' lang='lat' dir='ltr'>gratia</span> <span class='ocrx_word' id='word_1_177' title='bbox 600 2569 702 2634; x_wconf 88' lang='lat' dir='ltr'>quare</span> <span class='ocrx_word' id='word_1_178' title='bbox 717 2550 938 2614; x_wconf 81' lang='lat' dir='ltr'>diversimodo</span> <span class='ocrx_word' id='word_1_179' title='bbox 954 2550 1141 2635; x_wconf 88' lang='lat' dir='ltr'>dispensata</span> <span class='ocrx_word' id='word_1_180' title='bbox 1356 2550 1417 2614; x_wconf 89' lang='grc'>224</span> 
     </span>
     <span class='ocr_line' id='line_1_26' title="bbox 332 2635 1336 2720; baseline 0.007 -25"><span class='ocrx_word' id='word_1_181' title='bbox 332 2669 462 2686; x_wconf 82' lang='lat'>--</span> <span class='ocrx_word' id='word_1_182' title='bbox 478 2643 570 2698; x_wconf 85' lang='lat' dir='ltr'>vetus</span> <span class='ocrx_word' id='word_1_183' title='bbox 583 2647 616 2698; x_wconf 87' lang='lat' dir='ltr'>et</span> <span class='ocrx_word' id='word_1_184' title='bbox 632 2656 767 2713; x_wconf 81' lang='lat' dir='ltr'>norum,</span> <span class='ocrx_word' id='word_1_185' title='bbox 789 2635 987 2720; x_wconf 84' lang='lat' dir='ltr'>quomodorl</span> <span class='ocrx_word' id='word_1_186' title='bbox 1002 2638 1169 2702; x_wconf 82' lang='lat' dir='ltr'>nonnullis</span> <span class='ocrx_word' id='word_1_187' title='bbox 1189 2636 1336 2702; x_wconf 80' lang='grc'><strong>00020020</strong></span> 
     </span>
     <span class='ocr_line' id='line_1_27' title="bbox 377 2721 1418 2804; baseline 0.002 -20"><span class='ocrx_word' id='word_1_188' title='bbox 377 2725 493 2804; x_wconf 78' lang='lat' dir='ltr'>sepius</span> <span class='ocrx_word' id='word_1_189' title='bbox 509 2731 681 2784; x_wconf 86' lang='lat' dir='ltr'>sumantur</span> <span class='ocrx_word' id='word_1_190' title='bbox 1296 2721 1418 2786; x_wconf 87' lang='grc'><strong>..223</strong></span> 
     </span>
     <span class='ocr_line' id='line_1_28' title="bbox 335 2807 1335 2888; baseline 0.005 -19"><span class='ocrx_word' id='word_1_191' title='bbox 335 2807 362 2870; x_wconf 88' lang='lat' dir='ltr'>F</span> <span class='ocrx_word' id='word_1_192' title='bbox 367 2815 469 2868; x_wconf 86' lang='lat' dir='ltr'>raotto</span> <span class='ocrx_word' id='word_1_193' title='bbox 485 2807 579 2888; x_wconf 87' lang='lat' dir='ltr'>panis</span> <span class='ocrx_word' id='word_1_194' title='bbox 599 2825 718 2870; x_wconf 89' lang='lat' dir='ltr'>nomen</span> <span class='ocrx_word' id='word_1_195' title='bbox 737 2807 953 2872; x_wconf 82' lang='lat' dir='ltr'>Eualtarrstrre</span> <span class='ocrx_word' id='word_1_196' title='bbox 967 2815 1028 2884; x_wconf 88' lang='lat' dir='ltr'>est</span> <span class='ocrx_word' id='word_1_197' title='bbox 1049 2810 1123 2872; x_wconf 89' lang='grc'><strong>400.</strong></span> <span class='ocrx_word' id='word_1_198' title='bbox 1146 2817 1196 2874; x_wconf 87' lang='lat' dir='ltr'>est</span> <span class='ocrx_word' id='word_1_199' title='bbox 1215 2815 1335 2874; x_wconf 77' lang='lat' dir='ltr'>antem</span> 
     </span>
     <span class='ocr_line' id='line_1_29' title="bbox 376 2891 1420 2976; baseline 0.006 -24"><span class='ocrx_word' id='word_1_200' title='bbox 376 2895 476 2954; x_wconf 88' lang='lat' dir='ltr'>ritum</span> <span class='ocrx_word' id='word_1_201' title='bbox 485 2891 838 2956; x_wconf 74' lang='lat' dir='ltr'>illeEucharistiaenon</span> <span class='ocrx_word' id='word_1_202' title='bbox 847 2894 1072 2976; x_wconf 73' lang='lat' dir='ltr'>negligendus,</span> <span class='ocrx_word' id='word_1_203' title='bbox 1074 2895 1343 2960; x_wconf 86' lang='lat' dir='ltr'>sednenessarius</span> <span class='ocrx_word' id='word_1_204' title='bbox 1357 2893 1420 2958; x_wconf 84' lang='grc'>403</span> 
     </span>
     <span class='ocr_line' id='line_1_30' title="bbox 335 2975 1417 3063; baseline 0.005 -24"><span class='ocrx_word' id='word_1_205' title='bbox 335 2975 603 3041; x_wconf 80' lang='lat' dir='ltr'>Fundamentum</span> <span class='ocrx_word' id='word_1_206' title='bbox 617 2977 680 3042; x_wconf 91' lang='lat' dir='ltr'>Det</span> <span class='ocrx_word' id='word_1_207' title='bbox 694 2979 785 3063; x_wconf 88' lang='lat' dir='ltr'>quod</span> <span class='ocrx_word' id='word_1_208' title='bbox 799 2979 928 3044; x_wconf 79' lang='lat' dir='ltr'>firmum</span> <span class='ocrx_word' id='word_1_209' title='bbox 940 2987 1016 3057; x_wconf 89' lang='grc'><strong>0202</strong></span> <span class='ocrx_word' id='word_1_210' title='bbox 1034 2979 1165 3063; x_wconf 67' lang='lat' dir='ltr'>quale?</span> <span class='ocrx_word' id='word_1_211' title='bbox 1296 2980 1417 3046; x_wconf 87' lang='grc'><strong>...296</strong></span> 
     </span>
    </p>
   </div>
   <div class='ocr_carea' id='block_1_3' title="bbox 260 3148 1426 4172">
    <p class='ocr_par' dir='ltr' id='par_1_3' title="bbox 260 3148 1426 4164">
     <span class='ocr_line' id='line_1_31' title="bbox 335 3148 1420 3218; baseline 0.005 -7"><span class='ocrx_word' id='word_1_212' title='bbox 335 3148 519 3214; x_wconf 82' lang='lat' dir='ltr'>Gsunrurr</span> <span class='ocrx_word' id='word_1_213' title='bbox 537 3152 602 3216; x_wconf 83' lang='lat' dir='ltr'>Dei</span> <span class='ocrx_word' id='word_1_214' title='bbox 801 3197 823 3216; x_wconf 91' lang='lat'>..</span> <span class='ocrx_word' id='word_1_215' title='bbox 1140 3197 1163 3218; x_wconf 88' lang='lat'>..</span> <span class='ocrx_word' id='word_1_216' title='bbox 1296 3195 1332 3216; x_wconf 88' lang='lat'>...</span> <span class='ocrx_word' id='word_1_217' title='bbox 1377 3153 1420 3216; x_wconf 82' lang='grc'>73</span> 
     </span>
     <span class='ocr_line' id='line_1_32' title="bbox 336 3235 1423 3312; baseline 0.004 -14"><span class='ocrx_word' id='word_1_218' title='bbox 336 3235 510 3312; x_wconf 81' lang='lat' dir='ltr'>Geluennn,</span> <span class='ocrx_word' id='word_1_219' title='bbox 548 3255 627 3302; x_wconf 88' lang='lat' dir='ltr'>nare</span> <span class='ocrx_word' id='word_1_220' title='bbox 642 3237 734 3302; x_wconf 86' lang='grc'><strong>20000</strong></span> <span class='ocrx_word' id='word_1_221' title='bbox 745 3237 978 3302; x_wconf 87' lang='lat' dir='ltr'>damnatorum</span> <span class='ocrx_word' id='word_1_222' title='bbox 994 3238 1125 3302; x_wconf 78' lang='lat' dir='ltr'>dueatur</span> <span class='ocrx_word' id='word_1_223' title='bbox 1358 3236 1423 3302; x_wconf 85' lang='grc'>344</span> 
     </span>
     <span class='ocr_line' id='line_1_33' title="bbox 335 3283 1338 3408; baseline 0.002 -24"><span class='ocrx_word' id='word_1_224' title='bbox 335 3283 515 3384; x_wconf 83' lang='lat' dir='ltr'>Generatid</span> <span class='ocrx_word' id='word_1_225' title='bbox 562 3325 606 3386; x_wconf 85' lang='lat' dir='ltr'>ilii</span> <span class='ocrx_word' id='word_1_226' title='bbox 610 3343 708 3406; x_wconf 79' lang='lat' dir='ltr'>,quat</span> <span class='ocrx_word' id='word_1_227' title='bbox 730 3325 781 3386; x_wconf 88' lang='grc'>96</span> <span class='ocrx_word' id='word_1_228' title='bbox 804 3333 854 3387; x_wconf 86' lang='lat' dir='ltr'>est</span> <span class='ocrx_word' id='word_1_229' title='bbox 874 3333 996 3388; x_wconf 76' lang='lat' dir='ltr'>aterna</span> <span class='ocrx_word' id='word_1_230' title='bbox 1016 3325 1058 3388; x_wconf 82' lang='grc'>26</span> <span class='ocrx_word' id='word_1_231' title='bbox 1083 3343 1214 3408; x_wconf 81' lang='lat' dir='ltr'>prorsus</span> <span class='ocrx_word' id='word_1_232' title='bbox 1228 3323 1338 3390; x_wconf 86' lang='lat' dir='ltr'>dill&#39;ert</span> 
     </span>
     <span class='ocr_line' id='line_1_34' title="bbox 376 3410 1336 3494; baseline 0.002 -24"><span class='ocrx_word' id='word_1_233' title='bbox 376 3411 627 3490; x_wconf 73' lang='lat' dir='ltr'>ageneratione</span> <span class='ocrx_word' id='word_1_234' title='bbox 655 3410 810 3484; x_wconf 88' lang='grc'><strong>600000,</strong></span> <span class='ocrx_word' id='word_1_235' title='bbox 832 3411 882 3474; x_wconf 88' lang='grc'>97</span> <span class='ocrx_word' id='word_1_236' title='bbox 908 3411 1008 3476; x_wconf 84' lang='lat' dir='ltr'>Ratio</span> <span class='ocrx_word' id='word_1_237' title='bbox 1031 3413 1253 3494; x_wconf 75' lang='lat' dir='ltr'>generationis</span> <span class='ocrx_word' id='word_1_238' title='bbox 1271 3411 1336 3474; x_wconf 89' lang='lat' dir='ltr'>lor·</span> 
     </span>
     <span class='ocr_line' id='line_1_35' title="bbox 377 3493 1425 3578; baseline 0.005 -25"><span class='ocrx_word' id='word_1_239' title='bbox 377 3493 471 3554; x_wconf 88' lang='lat' dir='ltr'>malis</span> <span class='ocrx_word' id='word_1_240' title='bbox 473 3514 569 3576; x_wconf 73' lang='grc'><strong>,000</strong></span> <span class='ocrx_word' id='word_1_241' title='bbox 585 3515 662 3571; x_wconf 90' lang='grc'><strong>000,</strong></span> <span class='ocrx_word' id='word_1_242' title='bbox 678 3504 712 3558; x_wconf 88' lang='lat' dir='ltr'>et</span> <span class='ocrx_word' id='word_1_243' title='bbox 728 3516 799 3578; x_wconf 86' lang='lat' dir='ltr'>qure</span> <span class='ocrx_word' id='word_1_244' title='bbox 813 3499 949 3572; x_wconf 82' lang='grc'><strong>000200</strong></span> <span class='ocrx_word' id='word_1_245' title='bbox 1137 3543 1167 3561; x_wconf 95' lang='grc'>,.</span> <span class='ocrx_word' id='word_1_246' title='bbox 1325 3496 1425 3558; x_wconf 85' lang='grc'>,96</span> 
     </span>
     <span class='ocr_line' id='line_1_36' title="bbox 260 3577 1426 3666; baseline 0.007 -28"><span class='ocrx_word' id='word_1_247' title='bbox 260 3623 263 3637; x_wconf 94' lang='grc'>.</span> <span class='ocrx_word' id='word_1_248' title='bbox 335 3577 518 3641; x_wconf 80' lang='lat' dir='ltr'>Gentilium</span> <span class='ocrx_word' id='word_1_249' title='bbox 527 3580 1426 3666; x_wconf 80' lang='lat' dir='ltr'>virtutessplendidapeunataluissedemonstratur168</span> 
     </span>
     <span class='ocr_line' id='line_1_37' title="bbox 334 3663 1423 3748; baseline 0.004 -22"><span class='ocrx_word' id='word_1_250' title='bbox 334 3663 453 3726; x_wconf 80' lang='lat' dir='ltr'>Gloria</span> <span class='ocrx_word' id='word_1_251' title='bbox 467 3672 501 3727; x_wconf 87' lang='lat' dir='ltr'>et</span> <span class='ocrx_word' id='word_1_252' title='bbox 519 3665 676 3748; x_wconf 83' lang='lat' dir='ltr'>Majestas</span> <span class='ocrx_word' id='word_1_253' title='bbox 694 3667 757 3730; x_wconf 88' lang='lat' dir='ltr'>Dei</span> <span class='ocrx_word' id='word_1_254' title='bbox 952 3709 1332 3732; x_wconf 91' lang='grc'><strong>.........</strong></span> <span class='ocrx_word' id='word_1_255' title='bbox 1381 3667 1423 3730; x_wconf 78' lang='grc'>86</span> 
     </span>
     <span class='ocr_line' id='line_1_38' title="bbox 333 3752 1336 3838; baseline 0.008 -27"><span class='ocrx_word' id='word_1_256' title='bbox 333 3781 419 3800; x_wconf 87' lang='lat'>---</span> <span class='ocrx_word' id='word_1_257' title='bbox 433 3757 556 3813; x_wconf 79' lang='lat' dir='ltr'>aterna</span> <span class='ocrx_word' id='word_1_258' title='bbox 576 3752 678 3836; x_wconf 88' lang='lat' dir='ltr'>quatis</span> <span class='ocrx_word' id='word_1_259' title='bbox 693 3756 765 3824; x_wconf 80' lang='lat' dir='ltr'>erit.</span> <span class='ocrx_word' id='word_1_260' title='bbox 787 3753 860 3818; x_wconf 85' lang='grc'><strong>346.</strong></span> <span class='ocrx_word' id='word_1_261' title='bbox 883 3754 989 3838; x_wconf 74' lang='lat' dir='ltr'>gloria</span> <span class='ocrx_word' id='word_1_262' title='bbox 1010 3773 1187 3837; x_wconf 78' lang='lat' dir='ltr'>corporum</span> <span class='ocrx_word' id='word_1_263' title='bbox 1210 3753 1336 3830; x_wconf 79' lang='grc'><strong>202020,</strong></span> 
     </span>
     <span class='ocr_line' id='line_1_39' title="bbox 376 3837 1423 3922; baseline 0.004 -24"><span class='ocrx_word' id='word_1_264' title='bbox 376 3855 447 3919; x_wconf 77' lang='lat' dir='ltr'>qua</span> <span class='ocrx_word' id='word_1_265' title='bbox 468 3837 512 3898; x_wconf 85' lang='grc'>26.</span> <span class='ocrx_word' id='word_1_266' title='bbox 535 3837 687 3922; x_wconf 73' lang='lat' dir='ltr'>ingloria</span> <span class='ocrx_word' id='word_1_267' title='bbox 700 3839 821 3922; x_wconf 80' lang='lat' dir='ltr'>gradus</span> <span class='ocrx_word' id='word_1_268' title='bbox 837 3838 908 3902; x_wconf 84' lang='lat' dir='ltr'>lore</span> <span class='ocrx_word' id='word_1_269' title='bbox 923 3841 1096 3904; x_wconf 82' lang='lat' dir='ltr'>verisimile</span> <span class='ocrx_word' id='word_1_270' title='bbox 1115 3847 1166 3904; x_wconf 86' lang='lat' dir='ltr'>est</span> <span class='ocrx_word' id='word_1_271' title='bbox 1296 3837 1423 3904; x_wconf 84' lang='grc'><strong>..346</strong></span> 
     </span>
     <span class='ocr_line' id='line_1_40' title="bbox 336 3919 1424 4007; baseline 0.004 -26"><span class='ocrx_word' id='word_1_272' title='bbox 336 3919 457 3984; x_wconf 88' lang='lat' dir='ltr'>Gratia</span> <span class='ocrx_word' id='word_1_273' title='bbox 477 3921 552 3999; x_wconf 86' lang='lat' dir='ltr'>Dei,</span> <span class='ocrx_word' id='word_1_274' title='bbox 568 3923 644 4007; x_wconf 87' lang='lat' dir='ltr'>quid</span> <span class='ocrx_word' id='word_1_275' title='bbox 661 3923 781 3988; x_wconf 85' lang='grc'><strong>002022</strong></span> <span class='ocrx_word' id='word_1_276' title='bbox 962 3971 992 3992; x_wconf 94' lang='grc'>..</span> <span class='ocrx_word' id='word_1_277' title='bbox 1139 3967 1333 3988; x_wconf 94' lang='grc'><strong>.....</strong></span> <span class='ocrx_word' id='word_1_278' title='bbox 1382 3923 1424 3986; x_wconf 91' lang='grc'>22</span> 
     </span>
     <span class='ocr_line' id='line_1_41' title="bbox 333 4011 1336 4094; baseline 0.005 -25"><span class='ocrx_word' id='word_1_279' title='bbox 333 4039 421 4056; x_wconf 89' lang='lat'>--</span> <span class='ocrx_word' id='word_1_280' title='bbox 434 4016 630 4074; x_wconf 80' lang='lat' dir='ltr'>convertens</span> <span class='ocrx_word' id='word_1_281' title='bbox 646 4011 782 4094; x_wconf 75' lang='lat' dir='ltr'>physica</span> <span class='ocrx_word' id='word_1_282' title='bbox 804 4017 839 4074; x_wconf 87' lang='lat' dir='ltr'>et</span> <span class='ocrx_word' id='word_1_283' title='bbox 854 4013 1021 4076; x_wconf 84' lang='lat' dir='ltr'>moraliter</span> <span class='ocrx_word' id='word_1_284' title='bbox 1034 4014 1115 4092; x_wconf 71' lang='lat' dir='ltr'>agit.</span> <span class='ocrx_word' id='word_1_285' title='bbox 1135 4011 1210 4078; x_wconf 86' lang='grc'><strong>286.</strong></span> <span class='ocrx_word' id='word_1_286' title='bbox 1232 4014 1336 4074; x_wconf 87' lang='lat' dir='ltr'>estir·</span> 
     </span>
     <span class='ocr_line' id='line_1_42' title="bbox 378 4094 1422 4172; baseline 0.009 -19"><span class='ocrx_word' id='word_1_287' title='bbox 378 4094 567 4172; x_wconf 87' lang='lat' dir='ltr'>resistibilis,</span> <span class='ocrx_word' id='word_1_288' title='bbox 589 4097 632 4160; x_wconf 87' lang='grc'>26.</span> <span class='ocrx_word' id='word_1_289' title='bbox 655 4104 844 4161; x_wconf 85' lang='lat' dir='ltr'>nontamen</span> <span class='ocrx_word' id='word_1_290' title='bbox 860 4097 1045 4162; x_wconf 83' lang='lat' dir='ltr'>libertatern</span> <span class='ocrx_word' id='word_1_291' title='bbox 1061 4098 1151 4164; x_wconf 78' lang='lat' dir='ltr'>ledit</span> <span class='ocrx_word' id='word_1_292' title='bbox 1355 4095 1422 4162; x_wconf 80' lang='lat'>28⁶</span> 
     </span>
    </p>
   </div>
   <div class='ocr_carea' id='block_1_4' title="bbox 335 4175 1487 4336">
    <p class='ocr_par' dir='ltr' id='par_1_4' title="bbox 335 4175 1487 4350">
     <span class='ocr_line' id='line_1_43' title="bbox 335 4175 1487 4267; baseline 0.006 -29"><span class='ocrx_word' id='word_1_293' title='bbox 335 4175 555 4258; x_wconf 85' lang='lat' dir='ltr'>Gubernatio,</span> <span class='ocrx_word' id='word_1_294' title='bbox 577 4183 741 4250; x_wconf 77' lang='lat' dir='ltr'>secundus</span> <span class='ocrx_word' id='word_1_295' title='bbox 764 4182 983 4248; x_wconf 73' lang='lat' dir='ltr'>Providentia</span> <span class='ocrx_word' id='word_1_296' title='bbox 1007 4195 1115 4264; x_wconf 84' lang='grc'><strong>00200,</strong></span> <span class='ocrx_word' id='word_1_297' title='bbox 1146 4199 1213 4267; x_wconf 86' lang='lat' dir='ltr'>qna</span> <span class='ocrx_word' id='word_1_298' title='bbox 1240 4185 1275 4248; x_wconf 89' lang='grc'>20</span> <span class='ocrx_word' id='word_1_299' title='bbox 1302 4201 1339 4246; x_wconf 87' lang='lat' dir='ltr'>re</span> <span class='ocrx_word' id='word_1_300' title='bbox 1486 4221 1487 4264; x_wconf 61' lang='lat'><em>3</em></span> 
     </span>
     <span class='ocr_line' id='line_1_44' title="bbox 378 4267 1487 4336; baseline 0.005 -10"><span class='ocrx_word' id='word_1_301' title='bbox 378 4267 537 4330; x_wconf 83' lang='lat' dir='ltr'>consistat</span> <span class='ocrx_word' id='word_1_302' title='bbox 1126 4313 1213 4336; x_wconf 80' lang='grc'><strong>..,,.</strong></span> <span class='ocrx_word' id='word_1_303' title='bbox 1298 4313 1336 4332; x_wconf 84' lang='grc'>,,.</span> <span class='ocrx_word' id='word_1_304' title='bbox 1365 4267 1422 4333; x_wconf 86' lang='grc'>226</span> <span class='ocrx_word' id='word_1_305' title='bbox 1486 4277 1487 4307; x_wconf 63' lang='lat'>¹</span> 
     </span>
    </p>
   </div>
   <div class='ocr_carea' id='block_1_5' title="bbox 0 0 1498 5160">
    <p class='ocr_par' dir='ltr' id='par_1_5' title="bbox 0 0 1498 5160">
     <span class='ocr_line' id='line_1_45' title="bbox 0 0 1498 5160; baseline 0 0"><span class='ocrx_word' id='word_1_306' title='bbox 0 0 1498 5160; x_wconf 95' lang='lat' dir='ltr'> </span> 
     </span>
    </p>
   </div>
  </div>
 </body>
</html>
