3000 4998
330 383 391 468 iss
660 407 864 464 resonoum
885 407 1111 464 cucumare.
1263 391 1430 480 [beavi.

330 569 374 634 ed
390 566 666 645 maledicendum,
688 587 757 634 non
780 569 877 632 sliter
900 587 940 632 ac
955 569 982 632 si
1002 565 1139 632 dixisset
1155 565 1259 642 Deus,
1278 567 1427 630 maledic

333 655 469 720 Dauidi
524 653 676 718 intensus
691 661 763 718 erat
778 654 901 718 Doridi
918 655 1083 730 Semetus3
1106 670 1183 714 nam
1201 649 1427 730 Benjcminita

330 761 375 806 ex
391 701 515 804 familia
530 741 638 804 Saulis
654 747 735 818 erat,
759 740 844 803 unde
860 746 945 824 segre
970 739 1098 804 terebat
1112 737 1155 800 ad
1173 737 1339 800 Davidem
1355 755 1427 820 reg·

331 843 413 890 num
435 827 562 909 pridsd
583 827 682 890 Saule
704 825 971 891 administratum
997 825 1192 888 devolutum
1215 823 1338 900 tuisse;
1369 823 1429 886 sed

330 911 444 976 odium
459 931 556 974 suum
572 911 703 976 occulte
719 912 864 989 tovebct,
879 917 1014 996 paratus
1029 917 1140 974 tamen
1152 907 1196 970 ad
1210 907 1325 972 odiuru
1342 907 1427 971 illud
1487 959 1488 1010 p

329 997 533 1061 exerendum
549 1015 745 1083 quacunque
761 999 937 1061 occasione
952 997 1075 1060 oblata.
1110 995 1203 1058 Deus
1215 991 1425 1081 prouidentid
1487 1033 1488 1096 t

329 1081 390 1146 sud
405 1085 612 1148 occasionem
629 1085 690 1166 ipsi
705 1082 842 1148 exhibet
861 1083 961 1146 bilem
985 1099 1079 1144 suam
1100 1077 1288 1156 evomendi,
1310 1079 1427 1163 objici*

331 1167 418 1232 endo
442 1171 472 1233 el
489 1169 579 1232 buuc
596 1167 772 1244 Davidem,
798 1187 896 1252 quem
920 1167 1048 1244 oderat,
1069 1169 1103 1228 in
1119 1187 1160 1230 eo
1184 1171 1286 1242 statu,
1307 1167 1343 1228 in
1358 1185 1425 1250 quo

330 1273 408 1318 cum
432 1253 577 1318 dicteriis
600 1253 812 1338 proscindere
837 1255 961 1340 absque
985 1251 1134 1338 periculo
1162 1257 1305 1336 poterat,
1335 1252 1427 1314 omni
1487 1287 1488 1298 ,

330 1340 456 1403 bonore
467 1347 501 1402 et
514 1339 676 1422 dignitate
691 1345 848 1418 exutum3
869 1341 916 1404 sic
927 1359 993 1402 nou
1005 1337 1206 1424 ejusmclam
1217 1336 1428 1401 voluntatem
1487 1339 1488 1416 l

330 1425 475 1489 correxit
491 1425 594 1502 Dens,
616 1425 673 1488 sed
697 1427 731 1489 in
750 1445 881 1508 poeuam
898 1423 1037 1490 Dasidis
1062 1423 1194 1500 direxit,
1217 1429 1254 1486 ut
1274 1421 1426 1486 bumilia-
1487 1461 1488 1476 κ

329 1517 422 1574 retur
438 1510 559 1574 David.
604 1509 702 1580 Quod
718 1530 902 1592 agnoscens
923 1531 983 1574 rex
1003 1511 1071 1586 ille,
1094 1509 1180 1572 banc
1204 1508 1426 1572 Providentiae

329 1596 604 1680 gubernationem
621 1599 761 1660 intuitus
772 1604 833 1673 est,
848 1599 940 1681 quasi
953 1595 1148 1660 mandatum
1159 1591 1296 1678 aliquod
1307 1593 1426 1658 diviui-
1487 1631 1488 1652 r

330 1684 384 1746 tds
399 1681 527 1758 datum,
550 1681 639 1775 qudd
660 1681 746 1746 aded
766 1681 945 1746 efficaciter
968 1681 1060 1744 Deus
1074 1681 1169 1744 istius
1186 1679 1328 1742 bominis
1345 1697 1425 1742 usus

328 1767 438 1831 linerat
453 1765 565 1856 opert,
586 1787 653 1832 non
668 1789 764 1832 secus
778 1787 819 1832 ac
841 1770 868 1831 si
890 1766 1048 1832 mandato
1063 1767 1175 1850 aliquo
1186 1767 1339 1850 jussisset
1360 1765 1426 1828 boc
1487 1819 1488 1834 2

329 1853 430 1918 modo
444 1855 477 1917 in
494 1873 530 1918 se
544 1853 817 1918 animaduertere.

374 1939 497 2011 Quinto
511 1938 634 2004 dicitur
651 1939 744 2004 Deus
769 1939 882 2024 llteg.
898 1937 979 2004 xxii.
1000 1941 1132 2004 mittere
1153 1935 1320 2020 spirltum
1333 1953 1427 2000 men·
1487 1983 1488 2040 p

328 2025 445 2088 ducem
459 2025 507 2087 od
519 2025 753 2108 decipiendum
769 2025 950 2100 Actutum,
966 2023 1024 2088 sed
1036 2029 1128 2109 patet
1142 2023 1311 2088 euidenter
1325 2021 1363 2086 id
1376 2023 1428 2086 ita
1487 2045 1488 2108 i

327 2123 395 2172 uon
421 2107 573 2192 intelligi,
595 2113 691 2208 quasi
711 2113 842 2192 spiritui
866 2109 1019 2174 mendaci
1046 2107 1226 2176 mentiendi
1251 2107 1425 2172 libidinem
1487 2127 1488 2192 t

327 2192 497 2258 indiderit.
540 2191 660 2270 Abs1t3
680 2193 739 2259 sed
753 2193 892 2258 denotat
917 2195 944 2258 l.
969 2195 1081 2260 Deum
1097 2197 1133 2259 in
1146 2211 1275 2280 pmuam
1291 2192 1425 2258 Achabl
1487 2195 1488 2244 l

352 2280 600 2352 ermisisse,utd
612 2279 723 2342 multis
739 2279 1265 2364 pseudoprophetisdeciperetur,
1280 2280 1372 2344 etcb
1387 2281 1426 2343 iis
1487 2285 1488 2370 t

328 2297 487 2448 deceptus
503 2363 652 2448 praelium
668 2373 786 2429 contra
800 2365 902 2452 Syros
919 2365 1010 2450 apud
1027 2367 1174 2432 Ramotb
1189 2368 1301 2444 iniret,
1322 2371 1425 2450 atque
1487 2379 1488 2470 l

328 2451 374 2514 ibi
396 2450 512 2532 jaculo
541 2451 720 2518 transfixus
749 2471 885 2514 suorum
915 2459 1130 2538 peccatorum
1161 2471 1274 2538 poenas
1300 2451 1423 2518 lueret.
1487 2499 1488 2512 ,

328 2537 361 2600 2.
383 2536 521 2619 Spiritui
537 2535 689 2600 mendaci
709 2537 891 2602 mentiendi
907 2538 1042 2622 cupido,
1064 2545 1098 2602 et
1113 2557 1249 2622 operum
1264 2555 1359 2602 suam
1374 2537 1424 2600 oi·

327 2623 446 2684 terenti
462 2622 607 2685 habenas
622 2623 761 2686 laxasse.
807 2623 887 2686 Hoec
899 2643 966 2687 uon
982 2623 1024 2687 ad
1040 2625 1153 2688 virum
1170 2623 1350 2690 reaccende
1364 2641 1422 2706 pa·

327 2713 377 2769 tet
392 2725 434 2768 ex
450 2707 559 2780 variis,
582 2725 654 2787 quse
669 2709 703 2769 in
720 2729 760 2769 eo
777 2707 851 2770 loco
867 2708 909 2772 de
925 2707 1000 2772 Deo
1016 2709 1185 2776 dicuutur.

371 2789 474 2852 Sexto
490 2789 583 2852 Deus
598 2789 721 2852 dicitur
742 2793 925 2858 eradicasse
949 2785 1070 2858 uxores
1085 2795 1235 2860 Dauidis
1249 2793 1423 2860 Abacum
1487 2799 1488 2880 ᾗ

320 2873 411 2956 filio,
433 2873 759 2953 28am.xii.ll,12.
805 2875 931 2943 Verum
958 2877 1026 2942 duo
1050 2879 1258 2944 obseruanda
1282 2887 1363 2944 snut
1394 2881 1423 2944 l.
1487 2891 1488 2920 ¹

330 2959 608 3042 Distinguendum
624 2981 695 3028 esse
719 2961 930 3028 traditionem
945 2983 1086 3028 uxorum
1106 2965 1247 3030 Daridis
1261 2967 1296 3029 in
1312 2973 1425 3052 potes·

326 3053 430 3110 tatem
446 3047 627 3123 Absblomi,
649 3053 683 3110 et
694 3046 971 3116 Absolomiscum
987 3051 1051 3114 illis
1067 3051 1307 3130 concubitum3
1329 3055 1423 3138 prius
1487 3015 1488 3106 d

326 3151 396 3196 esse
410 3137 431 3197 d
447 3133 533 3208 Deo,
556 3135 719 3214 posterius
733 3135 775 3198 ab
791 3139 882 3218 impii
898 3143 932 3200 et
947 3137 1097 3202 scelerati
1113 3135 1346 3222 Acbitopbelis
1360 3139 1422 3202 im·
1487 3107 1488 3182 d

352 3218 449 3292 uisu„
479 3217 510 3281 2.
535 3217 614 3282 Non
628 3221 746 3282 mirum
763 3221 788 3282 si
806 3222 876 3286 boec
887 3221 1076 3286 tribuantur
1092 3221 1183 3288 Deo:
1207 3223 1283 3288 Deo
1293 3223 1426 3308 placuit

362 3302 492 3368 aridem
508 3303 552 3366 ob
567 3307 776 3368 commissum
789 3305 987 3372 adulterium
1004 3309 1136 3390 punire;
1157 3309 1225 3372 ulio
1236 3309 1426 3374 Absolomo
1487 3373 1488 3376 ,

326 3387 432 3451 voluit
450 3387 538 3452 bunc
553 3389 696 3454 inlicem
715 3393 805 3472 regui
822 3393 963 3476 iusignia
977 3393 1119 3470 tradere,
1134 3393 1367 3478 Davidenqae
1382 3397 1425 3460 ii·

326 3473 478 3557 spoliare,
495 3474 572 3538 binc
582 3475 671 3557 qudd
683 3475 768 3538 lilius
784 3483 947 3559 potestate
958 3475 1015 3542 illl
1026 3481 1207 3544 instructus
1222 3481 1298 3557 luit,
1312 3481 1425 3564 qnod·

326 3578 393 3642 que
410 3559 532 3622 Devidi
548 3579 624 3624 vere
639 3564 673 3624 in
690 3581 820 3642 poenam
836 3561 989 3640 cadebat,
1004 3563 1099 3631 Deus
1114 3567 1175 3630 sibi
1190 3565 1363 3646 adscribit,
1383 3571 1425 3630 ut
1487 3569 1488 3640 Ϊ

325 3643 403 3707 alibi
420 3645 481 3708 sibi
497 3644 612 3708 tribuit
627 3649 872 3730 persecutiones
887 3655 1005 3712 contra
1021 3649 1205 3727 Ecclesiam
1221 3669 1315 3716 suam
1331 3655 1425 3718 exci-

325 3735 424 3878 gatpe,
446 3749 520 3814 quae
542 3737 655 3796 tamen
677 3751 744 3798 uon
767 3735 838 3796 sinc
861 3753 991 3802 summo
1013 3745 1260 3825 persecutorum
1277 3745 1423 3824 peccato

349 3822 460 3879 eant.
1487 3849 1488 3862 κ

370 3900 526 3984 deprime,
549 3923 653 3988 quum
675 3903 824 3972 2'l'hess.
839 3909 874 3972 ii.
893 3909 942 3985 11,
958 3907 1007 3986 12,
1022 3907 1072 3972 ts.
1088 3908 1190 3994 jDeus
1205 3908 1421 3980 ‹licitumst›

325 3989 393 4050 terc
407 3987 592 4073 efficaciam
606 3992 741 4069 erroris,
761 3997 799 4057 ut
815 3991 962 4059 lumime
984 3995 1125 4059 credant
1146 3997 1331 4076 mendacio,
1355 3997 1421 4063 boo

326 4067 476 4148 denotat,
498 4075 576 4162 quid
593 4077 686 4142 Deus
698 4085 831 4162 prestet
842 4085 993 4166 respectu
1008 4079 1151 4161 illorum,
1174 4085 1228 4168 qui
1244 4085 1420 4149 veritatem
1487 4125 1488 4166 ,

325 4172 421 4219 suem
446 4165 496 4221 tot
521 4163 688 4226 miraculis
713 4165 941 4230 confirmatam
965 4165 1166 4252 relinquunt,
1188 4175 1222 4233 et
1244 4173 1419 4257 spernunt.
1487 4169 1488 4236 l

327 4239 499 4326 l'tespeotu
514 4249 602 4312 enim
616 4248 760 4329 illorum,
782 4251 877 4317 Deus
897 4252 1060 4337 permittit
1075 4259 1112 4320 ut
1125 4255 1204 4339 ipsis
1219 4253 1422 4340 predicetur
