3032 4998
363 375 401 438 18
678 385 880 478 renoscere
900 384 1124 434 cunrsrrsns.
1312 367 1398 454 [stt.
1415 369 1441 432 1.

361 545 482 618 calani,
499 539 677 626 paschatis
701 543 884 604 ceremonia
906 542 940 602 in
963 543 1151 604 memoriam
1175 557 1384 622 eorumquae
1407 541 1440 600 in

365 627 518 714 AEgypto
536 635 668 710 peracta
683 627 825 702 inerant,
835 625 964 708 j'eslam
979 628 1259 700 tabernaculorum
1275 629 1307 688 in
1325 643 1444 688 memo-

364 717 447 776 riam
472 711 633 776 diuturnos
656 715 688 774 in
717 710 847 774 deserto
870 715 1147 784 commorationis,
1178 720 1212 774 et
1237 712 1303 773 elia
1328 710 1445 774 multa.

365 803 396 862 6.
420 799 548 866 Quibus
564 799 715 860 omnibus
730 795 883 859 addenda
902 805 979 858 sunt
1002 799 1189 860 testimonia
1210 800 1354 878 ipsorum
1376 795 1446 857 eth·
1501 821 1502 832 ¹

367 890 526 958 uicorum,
554 885 610 966 qui
634 886 830 946 veracissimi
852 886 997 946 auctoris
1018 882 1150 946 laudem
1173 882 1260 946 Mosi
1283 881 1447 963 denegare

369 991 436 1036 non
452 973 521 1032 nusi
538 977 631 1032 sunt,
810 1031 813 1040 ,
1341 1023 1343 1028 ,

413 1056 456 1118 V.
480 1055 617 1132 Verum,
639 1072 681 1116 ne
695 1055 767 1138 quis
781 1053 895 1120 credat
907 1055 941 1118 in
955 1053 1105 1116 lrnudem
1127 1053 1235 1126 Moris,
1249 1051 1450 1116 consensisse

259 1133 287 1158 '¹‘
369 1141 532 1207 Israelitas
548 1141 589 1201 ad
613 1141 768 1221 majorem
784 1145 873 1222 genti
888 1141 1026 1224 gloriam
1043 1139 1305 1213 conciliandam
1341 1149 1451 1200 coser-

347 1242 351 1252 '
370 1227 517 1292 vandum
530 1225 621 1288 nullo
633 1225 848 1289 fundamento
864 1227 948 1289 hanc
959 1229 1187 1308 exceptionem
1199 1225 1317 1288 afferri.
1362 1221 1451 1284 Nam

375 1315 403 1378 1.
421 1317 446 1373 si
459 1313 699 1373 consensissent
719 1313 752 1372 in
769 1311 916 1374 incudem
935 1309 1050 1388 Mosis,
1066 1330 1125 1372 cur
1137 1330 1179 1374 ex
1194 1311 1257 1372 illis
1280 1309 1369 1370 libris
1386 1325 1451 1368 non

371 1397 576 1464 sustulerunt
600 1413 649 1468 ea,
672 1395 790 1477 quibus
815 1417 880 1458 suae
902 1400 994 1478 genti
1018 1395 1159 1460 infamiae
1186 1405 1281 1458 notes
1302 1392 1454 1456 viderunt

291 1477 298 1492 ’
371 1485 470 1556 inuri,
492 1475 617 1543 scilicet
638 1482 769 1558 crebras
791 1481 996 1556 rebelliones,
1024 1501 1064 1544 ac
1092 1488 1229 1564 peccata
1252 1480 1454 1560 gravissime,

375 1587 447 1651 quse
468 1569 501 1628 in
522 1573 679 1628 arternum
703 1569 814 1648 populi
837 1567 993 1650 probrum
1013 1563 1162 1629 cedunt?
1205 1567 1236 1628 2.
1259 1567 1313 1627 An
1329 1583 1363 1626 se
1378 1562 1453 1624 sub·

370 1653 527 1738 jecissent
556 1653 640 1732 jugo
665 1652 808 1719 &ardano
835 1653 914 1734 legis
940 1651 1130 1726 durissimae,
1159 1654 1185 1712 si
1213 1652 1357 1733 persuasi
1381 1651 1454 1710 rere

376 1741 514 1802 luissent
535 1739 634 1799 talem
658 1735 781 1818 Legem
809 1737 907 1800 luisse
932 1757 1058 1800 merum
1086 1737 1190 1800 Moris
1213 1731 1454 1802 commentum?

379 1823 450 1885 Cur
471 1823 614 1905 populus
636 1829 702 1884 tem
725 1821 814 1886 dure
836 1823 971 1886 cervicis
994 1821 1091 1904 Legis
1113 1823 1356 1894 molestissime,
1390 1839 1459 1900 que
1503 1886 1504 1894 ,

379 1911 530 1972 minimas
552 1911 823 1988 transgressiones
845 1928 957 1972 serere
982 1906 1210 1982 ulciscebatur,
1234 1908 1354 1988 jugum
1377 1905 1459 1966 oded

382 1993 479 2057 facile
506 1993 604 2066 subit,
637 1997 661 2054 si
685 1992 725 2054 de
747 1991 920 2058 divinitate
943 1995 1124 2056 vocationis
1147 1993 1250 2057 Masis
1271 2001 1306 2055 et
1321 1993 1458 2057 veritate

378 2079 544 2142 dictorum
560 2079 630 2160 ejus
646 2097 711 2139 non
727 2081 900 2142 convictus
914 2076 980 2142 sit?

426 2161 486 2225 VI.
511 2163 564 2224 De
579 2163 814 2244 Apostolorum
831 2167 1018 2228 testimonio
1037 2164 1180 2228 dubitari
1200 2167 1301 2228 etiarn
1323 2181 1390 2224 non
1407 2181 1461 2242 po·

383 2255 459 2324 test,
482 2252 516 2310 et
536 2251 741 2311 verissimum
764 2269 834 2312 esse
857 2252 903 2312 ito
925 2253 1113 2314 evincimns.
1162 2251 1286 2324 Priord,
1308 2247 1465 2330 suspicari

383 2353 481 2398 nemo
508 2339 616 2415 potest
640 2354 696 2396 eos
722 2335 875 2397 seductos
901 2336 999 2400 luisse
1022 2357 1064 2400 ac
1083 2336 1263 2419 deceptos3
1295 2353 1373 2396 nam
1400 2349 1463 2396 non

384 2424 549 2482 testantur
571 2417 604 2482 id
626 2419 713 2502 quod
733 2419 837 2484 multo
857 2429 934 2484 ante
955 2440 1017 2484 sua
1032 2431 1181 2503 tempora
1194 2429 1336 2503 gestum,
1358 2427 1417 2480 out
1435 2421 1465 2478 in

382 2505 452 2570 alio
476 2504 566 2566 Orbe
592 2507 783 2588 prestitum,
817 2507 1040 2590 quodqucex
1065 2509 1204 2570 eliorum
1233 2507 1405 2576 relatione,
1434 2509 1467 2564 et

385 2595 512 2654 incerto
529 2608 659 2652 rumore
673 2589 879 2667 audiverant,
901 2591 958 2654 sed
974 2591 1063 2674 quod
1078 2592 1230 2655 omnibus
1242 2596 1308 2654 suis
1319 2590 1464 2652 sensibus

388 2677 582 2760 palparent3
616 2693 677 2736 nea
701 2695 767 2738 uno
789 2683 929 2754 tantum,
951 2679 1096 2741 alterove
1112 2681 1267 2760 temporis
1285 2683 1467 2748 momento;

389 2760 447 2824 sed
469 2779 527 2842 per
550 2761 658 2844 plures
679 2757 770 2834 dies;
804 2782 864 2825 nec
887 2764 1002 2827 leviter
1023 2771 1057 2826 et
1079 2765 1311 2845 perfunctorie,
1334 2757 1467 2824 reddin

389 2843 569 2909 admodum
592 2851 625 2906 et
647 2864 723 2907 cum
745 2847 914 2928 scrupulo,
946 2847 1123 2931 aliquando
1147 2850 1344 2921 hesitantes,
1366 2847 1468 2908 donec

389 2933 489 3016 plena
503 2929 541 2992 iis
557 2928 636 2992 fides
652 2929 754 2993 lieret.
799 2931 925 2995 Rursus
937 2953 1003 2996 non
1016 2933 1175 3014 agebatur
1187 2933 1228 2996 de
1240 2935 1337 2996 rebus
1349 2931 1470 3003 arduis,

386 3021 426 3082 'in
439 3015 557 3100 quibus
572 3015 669 3077 rudes
685 3023 718 3078 et
731 3012 875 3081 illiterati
898 3027 1081 3102 potuissent
1104 3019 1201 3084 lncile
1218 3018 1336 3099 decipi,
1359 3017 1415 3080 scd
1431 3015 1470 3076 de

390 3104 488 3167 lactis
504 3102 537 3164 in
553 3120 665 3163 sensus
680 3107 714 3164 et
729 3104 843 3166 oculos
860 3107 1112 3178 incurrentibus,
1128 3113 1164 3168 ut
1179 3106 1221 3168 de
1238 3105 1472 3168 resurrectione

395 3187 531 3263 Christi,
552 3206 629 3249 cum
646 3205 711 3269 quo
726 3191 823 3251 toties
846 3193 964 3254 versati
989 3191 1129 3252 luerent.
1173 3189 1321 3254 Tandem
1337 3190 1403 3252 dici
1420 3205 1472 3248 ne·

394 3275 477 3355 quit,
509 3288 620 3335 eorum
642 3273 818 3336 facultates
841 3275 939 3337 luisse
962 3279 1046 3338 mate
1067 3277 1251 3358 dispositas,
1271 3275 1366 3350 ¹nullu
1387 3275 1471 3336 enim

388 3369 461 3442 'prae
477 3375 510 3418 se
527 3359 635 3419 ierunt
650 3357 773 3420 indicia
789 3371 906 3422 emate
927 3364 1055 3437 mentis,
1076 3364 1142 3424 imd
1163 3364 1385 3444 compositum
1407 3376 1472 3422 aar·

398 3461 488 3505 mom
505 3450 538 3505 et
554 3443 660 3504 verbis
675 3449 709 3503 et
725 3439 792 3504 vrit
807 3445 957 3524 probant.

439 3528 599 3602 Secundo,
620 3527 733 3590 fallere
750 3528 898 3592 homines
914 3532 1054 3596 voluisse
1069 3531 1247 3616 Apostolos
1272 3532 1402 3614 concipi
1420 3548 1472 3592 ne·

397 3630 565 3696 quaquam
583 3619 700 3694 potest.
733 3611 833 3676 'Nam
860 3615 886 3678 l.
908 3616 951 3680 ab
973 3622 1062 3682 omni
1085 3617 1199 3682 fraude
1221 3619 1345 3682 alienos
1367 3619 1475 3686 luisse,

397 3705 433 3766 et
458 3701 544 3760 viros
571 3697 702 3780 probos,
725 3701 842 3780 probat
864 3702 1001 3767 istorum
1029 3708 1175 3768 omnium
1201 3708 1279 3778 rita,
1308 3708 1344 3766 et
1366 3699 1475 3764 testati

399 3790 478 3848 sunt
492 3783 552 3866 ipsi
570 3783 831 3847 Christianorum
848 3784 968 3851 hostes.
1012 3789 1042 3850 2.
1068 3791 1131 3852 Cui
1149 3790 1236 3850 bono
1252 3788 1334 3852 illud
1358 3788 1478 3870 presti-

393 3872 526 3940 ‘tissent
547 3887 609 3932 nec
624 3869 772 3934 divinare
790 3871 888 3948 licet;
919 3875 973 3957 qui
997 3878 1212 3948 mentiuntur,
1233 3873 1368 3957 aliquod
1392 3889 1479 3935 men·

400 3955 570 4018 deciorum
596 3955 855 4048 emolumentum
879 3959 1029 4042 sperant;
1060 3959 1173 4024 tallere
1194 3965 1293 4034 enim,
1314 3969 1354 4020 nt
1377 3957 1480 4028 sallas,

403 4043 460 4101 rix
481 4043 514 4102 in
539 4041 703 4104 hominem
725 4045 834 4118 cadit3
855 4051 890 4132 at
913 4046 1059 4108 virentes
1074 4045 1224 4128 Apostoli
1247 4045 1329 4118 nihil
1351 4060 1481 4126 sperare

397 4131 554 4206 poterant
566 4133 683 4208 preter
692 4147 732 4190 ea
744 4131 865 4200 omnia,
879 4129 953 4212 q'ura
964 4134 1191 4212 pertimescere
1202 4132 1308 4196 solent
1318 4130 1483 4200 mortales,

399 4211 559 4292 inopiam,
580 4213 690 4292 exilia,
710 4218 888 4296 crucietur,
908 4221 1056 4286 extrema
1071 4220 1242 4304 supplicia,
1263 4224 1298 4280 et
1313 4222 1389 4301 post
1401 4231 1483 4278 mor·
