2994 4996
107 427 251 520 Cant]
342 421 346 430 ⁴
529 443 577 496 nu
590 443 779 498 *nannents
1138 407 1198 504 iot

104 602 161 685 qui
178 621 263 687 opus
278 599 404 668 habent
418 603 662 667 consultatione
676 599 807 686 praevii,
827 605 1005 687 antequam
1020 611 1133 690 agant,
1162 616 1198 674 et

101 707 247 770 quornm
261 687 402 756 fluctuat
416 707 501 774 saepe
516 695 550 754 et
565 689 777 772 suspenditur
791 687 955 767 voluntas,
978 691 1035 753 sed
1046 693 1196 758 tribuun-

101 781 160 836 tnr
176 773 272 852 De03
299 783 338 836 nt
353 780 467 858 pateat
482 777 592 838 omnia
608 795 627 837 o
652 791 709 838 ero
725 773 789 837 Dei
804 791 874 838 esse
889 775 1136 856 sapientissimo,
1158 784 1194 844 et
1235 843 1238 850 ,

101 858 189 922 nihil
213 858 282 924 deri
305 861 411 924 inscio
437 865 472 924 et
497 861 601 924 invito
658 879 709 924 eo.
755 855 835 922 Non
859 861 958 923 etiam
973 863 1192 946 concipienda

100 949 182 1006 snnt
196 950 236 1007 ut
250 947 463 1021 occidennm
484 964 562 1008 nem
577 947 653 1009 oiim
670 945 811 1008 essentia
827 943 940 1008 divina
955 947 989 1008 in
1011 967 1046 1010 se
1065 947 1193 1013 infinite

97 1030 145 1092 sit
203 1029 319 1104 nfecta,
340 1031 464 1116 aliquid
479 1031 540 1116 ipsi
555 1029 714 1095 accedere
729 1047 849 1112 supere
863 1049 930 1092 non
946 1050 1129 1114 possumus.
1259 1093 1268 1114 ,

180 1115 225 1178 11.
248 1115 288 1178 ln
304 1115 437 1181 decreto
452 1119 524 1182 trin
540 1114 783 1200 distinguimus,
817 1115 844 1178 l.
868 1113 994 1180 Actum
1010 1117 1191 1182 voluntatis

98 1198 232 1277 divina,
253 1201 307 1264 vei
331 1201 537 1266 voluntatem
563 1201 628 1265 Dei
647 1201 890 1266 decernentem.
933 1201 965 1264 2.
989 1201 1192 1285 Respeotnm
1245 1253 1248 1260 .

98 1291 275 1348 externum
290 1285 333 1350 ad
348 1291 545 1362 creaturam,
568 1288 627 1370 qui
649 1291 815 1370 respectus
830 1287 901 1348 sine
915 1285 984 1350 ulio
1000 1287 1066 1351 Dei
1081 1295 1189 1352 muta·

98 1372 191 1434 tione
219 1370 267 1434 at.
317 1373 348 1436 8.
382 1371 468 1436 Rem
498 1371 680 1436 decretum.¹
721 1370 973 1434 Observandum
1004 1377 1065 1450 est,
1097 1373 1187 1456 quod

97 1453 233 1538 quondo
258 1456 504 1521 consideramus
529 1459 563 1518 in
588 1456 722 1520 decreto
743 1459 849 1540 ipsum
872 1455 1054 1520 voluntatis
1068 1457 1189 1522 divino

93 1545 220 1618 aetum,
242 1559 310 1605 non
325 1541 556 1624 distinguimus
570 1540 739 1605 decretum
754 1539 797 1603 ab
812 1535 884 1622 ipsi
899 1540 963 1604 Dei
979 1539 1130 1620 essentii,
1145 1546 1188 1607 si·

95 1624 228 1708 quidem
243 1625 398 1694 voluntas
415 1627 479 1690 Dei
495 1632 529 1690 et
552 1625 645 1690 Deus
660 1627 729 1710 ipse
750 1623 838 1689 idem
851 1630 913 1702 est,
932 1631 967 1690 et
987 1625 1070 1691 nihil
1091 1631 1186 1694 estin

96 1709 171 1774 Deo
186 1711 275 1796 quod
290 1731 357 1776 non
373 1715 416 1776 sit
429 1714 499 1796 ipse
519 1711 616 1776 Deus.

138 1795 239 1860 vin.
262 1795 405 1861 Decreta
430 1797 501 1860 haeo
526 1795 590 1859 Dei
616 1799 744 1860 interno
769 1815 839 1860 esse
867 1795 967 1859 dooet
991 1795 1185 1882 Scripturn;

99 1879 186 1964 Epo.
201 1883 226 1946 i.
239 1881 274 1945 4.
307 1881 404 1947 Sinai
427 1883 531 1966 etegit
554 1899 614 1944 nos
639 1883 676 1944 in
697 1901 733 1944 se
755 1883 831 1963 ipso
855 1883 932 1944 onte
945 1879 1184 1962 fundationem

95 1967 222 2040 mendi.
265 1965 387 2032 2'l'inn.
403 1969 425 2032 i.
443 1969 473 2030 9.
496 1965 656 2030 Seruauit
669 1985 730 2029 nos
744 1983 787 2028 ex
800 1985 862 2030 suo
878 1967 1048 2050 proposito
1063 1971 1094 2030 et
1107 1987 1186 2051 gro·

91 2054 156 2130 tin,
178 2071 254 2136 quse
267 2053 351 2118 doto
361 2056 411 2118 est
424 2050 519 2117 nobis
535 2051 577 2113 in·
589 2049 719 2114 Christo
730 2049 823 2128 Jesu,
835 2053 916 2114 onte
931 2053 1078 2132 temporo
1091 2071 1184 2116 secu·

91 2140 211 2216 lenm,
233 2143 268 2201 et
284 2138 406 2202 Paulos
420 2133 503 2201 dicit
517 2135 641 2211 Deum,
662 2137 865 2218 sapientium
880 2133 1089 2217 praefiniisse
1103 2141 1183 2200 ants

86 2225 203 2290 noento
217 2223 421 2310 adglorians
435 2221 594 2300 nostrum,
620 2221 633 2285 i
649 2219 726 2284 Cor.
738 2223 772 2286 ii.
782 2223 813 2285 7.
836 2239 900 2286 neo
914 2223 1002 2285 enim
1017 2221 1090 2286 otiis
1105 2241 1179 2288 ver·

88 2307 140 2372 bis
154 2307 350 2392 designatur
363 2309 538 2374 eternitas.

132 2393 197 2464 tx.
219 2395 348 2460 Rursus
372 2391 457 2458 iliud
481 2391 642 2476 probatur
663 2411 778 2468 exeo,
800 2390 890 2476 quod
905 2390 1079 2474 indignum
1095 2399 1183 2458 esset
1246 2447 1252 2474 ,

91 2477 182 2546 Ente
195 2481 437 2566 sapientissimo
452 2483 488 2542 et
502 2477 661 2542 omnisoio
675 2479 710 2540 in
725 2483 874 2562 tempore
889 2475 1023 2542 demum
1038 2477 1184 2552 condere

88 2563 227 2632 denseta
240 2585 301 2650 pro
315 2585 351 2630 re
368 2567 458 2628 nata.

131 2651 178 2718 X.
200 2649 462 2735 δαρίωίίιιεὶιιια
487 2667 557 2712 esse
572 2647 643 2712 hee
657 2645 791 2711 denseta
805 2645 956 2711 dubitare
971 2665 1037 2710 non
1053 2648 1181 2730 patitur

90 2737 178 2814 iden,
201 2755 299 2820 quam
324 2735 492 2812 habemus,
515 2731 580 2798 Dei
596 2739 636 2796 ut
658 2732 762 2796 Entis
782 2733 1024 2818 sapientissimi,
1046 2738 1080 2796 et
1105 2731 1178 2817 ipso

89 2824 275 2906 mantum,
298 2821 396 2886 Rom.
411 2823 458 2888 xi.
473 2823 526 2886 33.
542 2821 594 2884 st.
619 2817 805 2884 Ooltitudo
819 2821 1022 2884 divitiorum
1038 2822 1107 2884 tum
1121 2836 1177 2884 sa·

86 2909 241 2989 nense.
263 2913 332 2972 two
346 2907 547 2991 cognitionis
562 2905 638 2969 Dei
1305 2937 1307 2943 2

130 2993 194 3057 xt.
219 2993 405 3058 liberrima
419 2998 498 3054 sunt
513 2989 582 3053 bueo
596 2988 740 3052 denseta.
786 2987 904 3051 Etiam
914 2993 1015 3068 puter
1028 2990 1111 3070 quio
1125 2989 1178 3050 ita

86 3077 235 3158 placuit,
258 3077 383 3143 Mattio.
394 3079 439 3141 xi.
451 3075 504 3138 26.
549 3065 897 3155 Hoeprobaturexeo
913 3071 1002 3153 qudd
1018 3071 1179 3154 quicquid
1308 3141 1310 3146 ,

90 3167 159 3246 agit
175 3163 281 3242 Dens,
303 3163 372 3246 agit
383 3183 429 3226 ex
444 3162 585 3234 satisne,
599 3161 664 3220 etd
684 3156 777 3218 nulio
792 3159 1007 3242 praeterquim
1022 3159 1043 3218 d
1056 3175 1091 3220 se
1106 3159 1178 3240 ipso

91 3247 343 3324 determinatur,
364 3267 436 3331 quse
450 3251 500 3310 est
514 3261 642 3308 summa
663 3241 805 3306 libertas.

130 3335 213 3398 ΧΗ.
239 3334 471 3399 [mutabilia
485 3339 574 3408 sunt,
596 3329 628 3394 id
646 3327 787 3392 docente
807 3327 906 3390 etiam
926 3325 1099 3408 scriptura,
1130 3325 1170 3392 Is.

89 3417 166 3484 xlvi.
186 3419 237 3486 10.
262 3419 446 3484 Consilium
459 3414 692 3483 monetatis.
738 3411 849 3476 Causa
871 3429 931 3474 cur
953 3409 1100 3478 homiues
1120 3411 1174 3476 de·

91 3512 180 3568 oreta
196 3510 340 3583 innunt,
361 3505 415 3568 sei
438 3509 488 3568 est
508 3501 717 3586 ignorantia,
738 3499 792 3565 vei
814 3499 1019 3580 impotentia,
1040 3499 1092 3561 vel
1108 3515 1176 3561 nso·

91 3591 181 3670 titio,
204 3591 258 3654 vei
284 3589 523 3664 inconstantia,
544 3584 601 3650 sed
623 3583 706 3649 nihil
727 3583 859 3646 itionum
881 3581 1000 3646 cadere
1022 3587 1131 3668 potest
1142 3583 1179 3644 in

91 3671 212 3740 Deum.
236 3675 400 3760 Equidem
416 3675 509 3738 Deus
523 3669 702 3755 aliqnando
718 3669 857 3732 destruit
867 3667 956 3752 quod
970 3667 1173 3756 condiderat,

87 3759 144 3824 sed
158 3761 195 3826 id
211 3781 278 3826 non
293 3761 341 3837 fit,
361 3762 457 3844 quasi
471 3763 578 3822 mutet
592 3755 781 3831 decretum
810 3756 867 3838 qui
882 3755 969 3816 enim
985 3751 1177 3817 decrevernt

90 3845 245 3926 condere,
260 3845 450 3912 decreverat
462 3846 561 3910 etiam
577 3841 762 3906 destruere:
786 3858 836 3902 res
852 3843 1010 3918 mutetur,
1026 3857 1093 3901 non
1110 3835 1175 3910 Dei

91 3932 257 3996 veluntas.

134 4017 236 4082 XIII.
259 4017 314 4082 Ex
329 4017 392 4083 heo
408 4011 686 4082 immunitiones
703 4007 913 4076 decretorum
935 4008 1082 4092 sequitur
1096 4007 1179 4070 nihii

93 4097 204 4167 Deum
220 4101 413 4180 decrevisse,
435 4099 526 4187 quod
552 4117 618 4164 non
641 4115 736 4162 suum
759 4091 912 4157 enectum
932 4095 1099 4170 sortiatur,
1120 4091 1178 4168 sed

93 4186 163 4252 boo
200 4189 459 4256 immutabilitas
490 4203 558 4252 non
592 4181 682 4247 tollit
721 4179 907 4244 libertatem
943 4185 1179 4244 creaturarum.

92 4269 259 4359 liquidem
290 4274 421 4342 diffinite
449 4278 500 4340 est
527 4288 645 4358 oapene
675 4255 942 4353 quomodo'hao
968 4265 1186 4332 intatiibilitss
