2986 5160
322 325 390 394 att
679 332 809 390 runem
831 331 1073 390 nnnnsoarea.

410 499 441 564 8.
465 495 565 561 Hune
575 497 689 561 iesum
702 497 807 559 solum
819 501 853 559 et
864 513 977 558 veram
991 511 1060 558 esse
1073 483 1228 557 Messinm
1239 497 1260 557 t
1271 497 1429 580 patribus

325 590 550 686 eapeotatum,
574 591 609 646 et
634 585 830 666 expetitum,
851 580 1010 645 adversus
1032 579 1166 644 iudaeos
1185 591 1330 658 tuemur,
1358 601 1425 647 nee

323 671 798 819 ιιιυω’,.θῗῖριξιῖιὲἷῗὶιιῗίς’ιιοιιιειι
820 753 936 816 datum
953 752 1016 815 tuit
1041 751 1229 816 hominibus
1245 773 1304 836 per
1330 753 1425 836 quod

327 839 516 915 salientum
538 851 572 901 et
588 845 754 924 quotquot
769 837 831 900 sub
848 839 949 901 reteri
966 837 1180 900 Testamenta
1197 837 1315 902 salvati
1331 848 1426 915 sunt,

326 934 367 990 ut
381 934 415 991 et
431 933 597 1009 quotquot
619 927 679 988 sub
695 944 782 986 novo
806 935 989 998 servantur,
1005 943 1072 987 non
1097 925 1158 986 nisi
1183 941 1241 1007 per
1256 927 1365 1007 ipsum
1390 933 1428 988 et

327 1021 463 1100 propter
477 1013 597 1096 ipsum,
611 1029 652 1074 ao
666 1007 731 1074 fide
747 1011 780 1072 in
796 1025 872 1071 euni
888 1009 1032 1070 salvatos
1047 1011 1147 1070 inisse
1163 1027 1346 1072 murus.

680 1175 721 1238 is
744 1175 958 1240 Auricuanu
982 1171 1078 1236 XIV.

330 1341 397 1412 uu.
416 1345 445 1409 l.
469 1343 630 1408 Nanassn
639 1347 711 1404 erat
721 1349 759 1405 nt
771 1339 939 1404 Mediator
951 1345 1157 1404 nosteresset
1165 1309 1427 1420 Densethonim

328 1435 408 1515 quia
423 1451 485 1492 nec
507 1429 597 1490 solas
613 1429 706 1490 Deus
722 1446 782 1510 pro
799 1429 893 1490 nobis
915 1434 1053 1488 mortem
1073 1429 1197 1508 perpeti
1222 1431 1343 1508 potuit,
1360 1449 1424 1493 nee

329 1535 440 1580 merus
466 1515 565 1576 horno
584 1514 721 1596 justitia
747 1513 878 1576 Divina
900 1511 1101 1587 satisfacere,
1122 1521 1262 1576 mortem
1278 1503 1428 1592 sineere,

329 1600 509 1666 Diabolum
526 1597 703 1672 debellare,
718 1617 758 1662 ao
775 1607 949 1681 peceatum
966 1600 1100 1680 expiare
1115 1597 1230 1661 valuit.

416 1687 445 1748 2.
471 1685 552 1749 Hae
571 1703 672 1748 eausa
697 1683 769 1757 iuis,
791 1701 852 1746 onr
872 1681 1026 1744 Christus
1044 1683 1206 1746 Dominus
1229 1692 1341 1748 noster
1366 1689 1425 1770 qui

328 1771 372 1836 ab
398 1781 522 1836 aeterno
550 1769 643 1834 Deus
657 1777 708 1832 est
730 1769 933 1846 benedictus,
949 1771 982 1830 in
1007 1768 1210 1851 plenitudine
1233 1781 1421 1853 temporum

331 1866 486 1922 naturam
504 1855 682 1919 humanam
699 1855 886 1938 assumpsit,
901 1857 935 1917 in
952 1856 1110 1918 unitatem
1128 1853 1286 1940 persone,
1301 1865 1336 1920 et
1353 1860 1424 1925 uso

329 1944 511 2025 assumptio
528 1941 632 2024 ruigo·
642 1945 834 2005 incarnatio
848 1939 1033 2022 appellatur

415 2029 437 2091 8
469 2026 525 2089 Sin
540 2028 574 2088 in
592 2025 725 2089 Christo
748 2025 820 2087 due
836 2037 914 2088 sunt
927 2033 1065 2099 naturis,
1080 2025 1194 2090 divina
1208 2031 1242 2090 et
1258 2025 1423 2092 hnmana:

327 2111 421 2176 iiiam
447 2129 522 2172 oum
548 2109 648 2172 Patre
673 2117 707 2170 et
733 2109 857 2191 Spiritu
885 2111 1008 2173 Sancto
1032 2111 1170 2176 eandem
1198 2113 1313 2186 habet;
1335 2113 1421 2178 nana

328 2195 502 2262 nobiseum
521 2193 622 2260 habet
645 2211 866 2258 communem.
908 2193 1101 2260 Secundum
1118 2209 1286 2286 utramque
1309 2209 1424 2263 noster

332 2285 383 2346 est
398 2277 576 2344 Mediator.
1068 2331 1073 2340 .

416 2368 447 2430 4.
471 2363 603 2450 Corpus
616 2363 660 2430 ab
670 2383 711 2428 eo
722 2371 926 2450 assumptum
939 2385 1005 2430 non
1018 2367 1264 2452 phantasticum
1277 2375 1312 2434 et
1323 2387 1423 2454 appa·

331 2471 408 2517 sens
420 2457 551 2516 tantum
564 2452 637 2529 suit,
650 2459 687 2516 ut
700 2449 908 2516 Marcionita
919 2451 1098 2536 fingebant,
1110 2455 1167 2522 sed
1180 2475 1294 2520 verum
1307 2475 1427 2540 eorpus

332 2537 1427 2708 ‘miztitiutititiisiiiut‘institituittdzu

331 2708 462 2774 nalitus
477 2706 623 2791 delapsa,
639 2727 705 2771 non
724 2727 766 2770 ex
782 2714 924 2772 essentia
941 2709 1059 2787 Patris,
1075 2719 1133 2775 ant
1147 2711 1213 2776 alia
1228 2712 1346 2795 ignota
1364 2733 1426 2776 ma·

198 2831 200 2838 ›
332 2789 426 2862 terii.
471 2791 510 2856 ln
536 2799 631 2857 utero
658 2795 762 2857 beate
786 2793 960 2858 Marieex
981 2796 1053 2880 ejus
1075 2798 1262 2862 substantia
1283 2801 1425 2864 formata

333 2885 395 2956 est,
410 2885 570 2962 operante
586 2879 709 2962 Spiritu
726 2879 860 2942 Sancto.

417 2965 449 3027 6.
474 2961 601 3030 Verrius
626 2967 726 3028 etiam
750 2967 894 3027 animam
923 2965 1049 3042 babuit,
1075 2987 1138 3032 neo
1163 2969 1282 3035 Deitas
1309 2974 1424 3035 anime

333 3050 445 3114 ionum
461 3052 650 3132 occuparit,
665 3056 703 3114 ut
717 3053 894 3114 somniavit
910 3071 975 3114 non
993 3071 1101 3116 nemo.

421 3137 451 3196 7.
477 3135 687 3199 infirmitates
698 3145 827 3200 nostras
839 3137 893 3199 sed
912 3141 1041 3202 tantum
1063 3140 1250 3224 inculpatas
1276 3145 1429 3226 suscepit,

333 3223 559 3285 sanctissimus
580 3224 668 3284 enim
685 3221 769 3302 tuit.
785 3221 908 3284 nullius
927 3226 1058 3307 peceati
1082 3225 1157 3289 labe
1182 3229 1348 3308 iniectam
1370 3249 1428 3294 neo

335 3307 502 3392 pensavit,
518 3325 580 3370 nen
595 3325 734 3390 peceare
749 3309 869 3391 potuit.

568 3475 571 3482 ⁴
686 3473 727 3536 Iu
749 3473 965 3540 Annicunnu
988 3475 1066 3540 XV.

336 3639 402 3704 Tu.
423 3641 450 3704 l.
475 3641 651 3706 Caursnus
671 3641 719 3704 ita
733 3645 887 3706 assumsit
907 3649 1059 3706 naturam
1078 3644 1265 3722 humanam,
1289 3654 1329 3710 ut
1356 3648 1428 3714 inde

333 3731 447 3790 tamen
460 3747 527 3792 nou
543 3737 700 3810 sequatur
711 3727 794 3790 duas
809 3731 927 3794 esseio
942 3729 1076 3792 Christo
1091 3731 1255 3814 personas.

419 3813 451 3877 2.
474 3813 667 3876 Aroiissime
690 3819 809 3876 natura
829 3814 973 3878 humana
996 3821 1030 3880 et
1045 3825 1166 3879 natura
1180 3817 1303 3893 divina,
1329 3825 1423 3884 unite

334 3905 411 3962 snat
426 3901 459 3962 in
474 3899 614 3978 Christo,
636 3902 786 3983 quamvis
802 3918 915 3964 earnm
930 3903 1007 3966 nnio
1023 3903 1170 3986 periente
1185 3903 1344 3988 explicari
1361 3927 1422 3970 non

360 3985 450 4048 ossit.

334 4001 359 4072 Ρ
419 4071 450 4133 8.
474 4071 528 4134 Ita
549 4079 660 4138 tamen
679 4073 779 4137 unita
801 4079 890 4151 sant,
912 4079 951 4138 at
972 4093 1042 4140 non
1068 4077 1134 4138 sint
1159 4073 1318 4156 contuse,
1340 4083 1374 4142 et
1390 4083 1418 4139 nt

333 4167 535 4239 unaquaque
549 4177 626 4224 sues
640 4161 859 4244 proprietates
873 4159 1046 4226 distinotas
1060 4161 1241 4226 retinuerit.
