2994 4996
70 424 143 510 Cap.
156 419 200 510 a}
453 437 501 492 ns
521 432 734 492 armaions.
1074 427 1133 494 iss

65 591 431 693 amassaribpanrpleotor
451 595 540 682 qnod
559 595 824 686 ppibisummum
840 595 964 696 bonum
978 595 1129 666 rideturr

64 697 126 743 num
141 679 491 746 etsl'uecessariuillud
506 665 667 764 pressem,
687 701 754 743 non
770 684 875 744 minus
890 683 989 745 libere
1003 683 1035 746 id
1050 685 1096 748 iit.

98 765 154 828 lll.
178 765 222 830 Ut
236 766 372 848 aliquod
387 786 445 829 ens
455 767 697 848 igiturdicatur
711 766 858 843 liberam,
873 767 992 831 sufficit
1004 776 1039 830 ut
1051 773 1130 851 agat

64 855 295 930 praeeram
309 853 453 934 pudicis,
475 859 509 914 et
531 851 594 914 boc
615 850 786 922 evidenter
808 860 900 935 patet
920 873 962 916 ex
983 875 1023 916 eo
1038 853 1129 936 quod

66 933 143 998 Dens
156 939 197 1000 sit
210 937 278 1000 Eua
294 937 506 1010 liberrimum,
522 944 557 1000 et
573 945 683 999 tamen
695 942 879 1000 necessario
893 937 1129 1002 determinetur

64 1021 96 1082 sd
111 1021 248 1098 bonum;
271 1021 356 1084 idern
373 1022 494 1084 dicitur
509 1019 551 1084 de
566 1025 699 1105 angelis
713 1033 748 1086 et
762 1022 935 1087 debeatis.

95 1105 147 1169 lV.
168 1107 321 1172 Libertus
342 1109 455 1190 itaque
469 1127 536 1170 non
558 1110 708 1170 consistit
728 1110 761 1170 in
786 1106 1029 1194 indiffusam,
1051 1127 1129 1172 nam

62 1191 120 1252 siin
134 1189 218 1256 mest
233 1189 451 1256 indifferentid
461 1195 665 1269 consisteret,
683 1193 775 1256 Deus
790 1196 924 1257 minime
938 1194 1020 1257 liber
1034 1202 1130 1270 esset,

63 1283 89 1338 ct
107 1275 195 1340 homo
209 1297 276 1360 quo
298 1280 400 1360 magis
422 1277 696 1342 determinaretur
710 1277 753 1340 ad
775 1277 911 1355 bonurn,
932 1279 966 1342 id
991 1285 1040 1342 est
1062 1285 1130 1361 qno

65 1360 216 1440 perfectior
233 1363 398 1438 eraderet,
420 1368 459 1427 ed
483 1365 592 1426 minus
615 1361 696 1426 liber
719 1364 815 1440 foret,
836 1363 925 1446 quod
947 1363 1129 1428 ebrardum

64 1451 109 1508 est.
146 1447 232 1510 lllnd
254 1447 468 1512 confirmatur
486 1445 548 1512 bic
564 1448 813 1524 observatione;
846 1449 999 1512 volumus
1013 1469 1130 1514 omnes

64 1547 200 1594 summum
219 1532 341 1596 bonum
357 1540 392 1596 et
406 1534 559 1596 ultimum
581 1533 678 1596 finem
700 1530 844 1611 maximi
864 1553 940 1598 cum
963 1535 1128 1612 libertate,

65 1617 118 1694 quis
134 1619 217 1680 enim
240 1617 283 1680 ad
305 1617 528 1701 iliudsponte
549 1637 616 1681 non
638 1617 786 1682 feratur?
817 1625 853 1682 et
872 1620 955 1682 illud
973 1620 1128 1684 volumus

63 1717 122 1763 cunr
135 1703 271 1783 judicio.
315 1705 362 1766 At
386 1703 468 1766 illud
491 1723 557 1766 nou
578 1703 616 1766 ut
635 1706 705 1766 sine
727 1701 846 1786 magud
866 1713 901 1768 et
922 1706 1128 1771 ineluctabili

64 1789 250 1864 recantata,
267 1807 329 1852 uec
343 1787 385 1851 ad
401 1789 435 1852 id
450 1789 673 1852 indifferenter
694 1809 756 1851 nos
771 1790 950 1866 babemus3
979 1810 1056 1852 cunr
1071 1811 1128 1852 ne·

64 1887 104 1932 no
116 1875 152 1936 sit
165 1877 222 1956 qui
240 1873 320 1938 velit
334 1893 403 1938 esse
419 1875 526 1947 miser,
541 1883 600 1936 aut
614 1876 673 1956 qni
689 1873 768 1936 velit
783 1873 905 1936 malum
922 1874 984 1937 sub
999 1876 1128 1940 ratione

63 1955 130 2021 mali.
169 1959 323 2022 Libertas
337 1960 439 2040 igitur
454 1977 521 2022 non
537 1962 687 2022 consistit
701 1961 734 2022 in
749 1959 982 2024 indifferentia·

94 2040 128 2105 V.
150 2042 201 2108 Ex
217 2043 317 2108 dictis
332 2043 428 2108 facile
439 2051 489 2106 est
501 2045 665 2126 conjicere
680 2043 819 2110 liberam
831 2044 1010 2110 arbitrium
1025 2045 1128 2108 babu-

62 2123 108 2188 isse
121 2129 301 2202 Aramum
324 2137 357 2194 et
374 2130 443 2192 bec
458 2127 591 2192 libertas
606 2135 655 2192 est
666 2123 845 2192 essentialis
860 2133 1043 2214 proprietas
1059 2150 1129 2195 ore·

61 2219 141 2276 stura
156 2215 346 2292 rationalis3
369 2214 567 2298 impossibile
581 2217 668 2278 enim
684 2221 744 2292 est,
767 2221 805 2277 ut
817 2219 1043 2299 concipiamus
1057 2235 1128 2279 cre·

59 2306 164 2362 uturum
189 2301 396 2376 rationalem,
424 2301 504 2382 quin
528 2301 558 2362 ei
580 2300 763 2379 tribuamus
787 2300 980 2364 facultatem
1006 2301 1128 2384 agendi

59 2383 204 2462 quodlibet
228 2391 396 2468 praeeunte
418 2385 536 2448 mentis
547 2385 694 2468 judicio;
724 2387 790 2448 imo
810 2405 910 2469 ogero
928 2405 972 2449 aa
986 2391 1128 2462 ratione,

60 2471 96 2530 ιιι
107 2488 165 2532 eam
189 2489 226 2534 er
242 2489 342 2553 ugera
356 2469 465 2535 risere.
1165 2469 1170 2478 ’

91 2553 144 2618 Vl.
200 2573 297 2618 ursus
311 2557 389 2618 inde
403 2561 505 2638 patet,
521 2557 554 2618 in
570 2575 635 2638 quo
650 2558 714 2619 sita
728 2556 826 2620 luerit
840 2557 960 2621 Adami
976 2557 1127 2633 libertas;

59 2652 109 2700 non
132 2648 206 2705 sane
232 2643 267 2704 iu
291 2641 555 2722 indepradcatid,
578 2643 669 2722 qnasi
693 2645 742 2703 sui
760 2643 844 2724 juris
865 2644 975 2718 inerit,
996 2643 1126 2705 inulto

59 2719 237 2806 dependens,
259 2745 334 2789 nam
362 2732 400 2790 ut
425 2731 588 2802 creatura,
610 2729 629 2789 sl
653 2725 810 2790 Creatore
835 2748 907 2806 suo,
929 2736 962 2791 et
986 2727 1029 2790 ab
1053 2729 1126 2810 ejus

58 2817 123 2872 nutu
137 2810 252 2874 debuit
267 2831 393 2893 semper
405 2811 564 2894 pendere;
586 2811 643 2874 sed
659 2815 692 2874 in
708 2831 747 2874 eo
763 2813 848 2896 quod
864 2815 985 2896 agebat
999 2809 1127 2902 aposita,

57 2891 159 2961 tenuo
172 2901 247 2960 ante
260 2909 391 2960 externo
406 2902 549 2970 coactas,
570 2902 602 2960 et
615 2899 746 2978 quidem
761 2917 833 2961 cum
840 2902 984 2981 judicio.

89 2979 159 3044 Vll.
182 2981 323 3046 Minime
346 2983 446 3064 igitur
470 2984 702 3044 constituenda
727 2990 776 3044 est
798 2985 918 3046 Adurni
940 2983 1073 3046 libertas
1088 2985 1123 3045 in

57 3061 278 3150 indifferentid,
304 3069 393 3151 quasi
418 3068 488 3148 ejus
515 3066 667 3128 voluntas
694 3067 892 3148 ponderibus
918 3067 1036 3128 librata
1059 3069 1125 3129 suis

56 3152 153 3232 equali
167 3151 211 3216 ad
229 3152 353 3215 bonum
378 3158 412 3216 et
428 3151 550 3214 malum
567 3155 785 3234 propensione
800 3154 1025 3226 sustineretur,
1046 3169 1124 3215 nam

57 3230 111 3298 lec
124 3233 351 3322 indifferentia
366 3243 450 3300 esset
466 3245 652 3321 peccatum,
673 3243 708 3299 et
722 3239 748 3299 si
764 3253 836 3300 eam
853 3237 1019 3300 habuisset
1034 3235 1124 3300 ilda-

55 3335 111 3382 mus
130 3323 171 3386 ab
186 3325 297 3399 initio,
318 3322 361 3386 ab
375 3325 469 3387 initio
490 3323 603 3386 luisset
617 3329 804 3406 corruptus,
825 3321 984 3406 siquidem
999 3322 1123 3405 absque

55 3415 173 3484 peccato
188 3428 258 3472 uon
282 3425 451 3492 possumus
466 3428 536 3472 esse
557 3414 650 3491 eque
670 3406 713 3470 ad
735 3409 859 3472 maium
874 3427 914 3471 ae
928 3407 971 3470 ad
998 3407 1123 3471 bonum

53 3507 216 3728 rittptt
234 3491 1124 3662 ttitit,titttttitttttt't'intuiti

52 3675 95 3723 nrn
110 3681 141 3726 es

83 3745 174 3814 Vlll.
198 3748 396 3814 Mutabiiem
410 3755 519 3814 tamen
536 3749 635 3814 iuise
645 3747 811 3813 Adamana
830 3769 951 3832 negare
966 3769 1032 3814 non
1049 3765 1124 3832 pos·

50 3845 165 3912 snmus3
185 3839 221 3898 in
237 3856 277 3898 eo
292 3839 379 3898 enim
395 3844 483 3900 statu
501 3839 625 3920 positus
640 3835 713 3910 tuit,
736 3843 774 3898 ut
789 3843 899 3918 posset
914 3843 1000 3898 stare
1015 3842 1049 3896 et
1070 3851 1126 3896 ca·

50 3913 124 3993 dere,
145 3939 296 4002 peccare,
318 3929 429 3984 etnou
442 3939 600 4006 peccare;
621 3919 677 3982 sed
694 3920 762 3983 bec
773 3919 973 3983 mutabilitas
988 3919 1126 3983 libertus

50 3995 104 4064 dici
116 4010 248 4089 nequit;
272 4018 338 4069 tam
350 4007 465 4070 illustri
477 4007 586 4088 elogio
597 4003 805 4066 cohonestari
821 4024 890 4066 non
904 4011 1056 4078 meretur,
1069 4003 1126 4066 sed

49 4083 100 4149 init
114 4089 275 4154 libertatis
290 4091 409 4156 Adami
425 4089 602 4176 appendix,
624 4107 697 4172 quse
712 4091 759 4152 ita
774 4091 907 4172 propria
922 4089 968 4152 illi
992 4090 1066 4168 luit,
1089 4097 1128 4154 ut

49 4171 71 4230 in
86 4173 174 4237 nullo
191 4175 326 4240 bomine
341 4179 440 4242 luerit
453 4175 605 4260 amplius.

76 4255 133 4324 lX.
159 4261 239 4324 Non
265 4261 499 4328 contundenda
525 4263 627 4346 igitur
652 4266 703 4326 est
728 4259 800 4326 baeo
824 4259 1026 4326 mutabilitas
1048 4277 1128 4326 cum

569 4361 592 4408 u
