3000 4998
341 383 413 452 itt
651 391 854 446 romanu
875 391 1097 444 amman.
1230 376 1320 464 [liti.
1343 371 1438 442 vlit

341 554 508 623 Dominae
545 551 588 616 de
623 550 729 626 color
763 549 900 614 thronus
922 555 974 614 est
1000 565 1059 614 cor
1094 549 1267 618 noniano»
1291 553 1326 612 el
1348 567 1440 613 oon«

341 644 489 706 scientia.
529 635 609 700 ideo
629 655 769 716 ragnum
792 635 928 700 Mesoa
948 643 1085 698 vocatur
1105 653 1241 718 regressae
1260 637 1437 700 ettam.

339 730 523 808 aceplrnm,
546 725 682 786 verbnm
702 723 881 804 evangelia
903 721 1041 796 maddi,
1070 721 1217 784 homiues
1239 721 1435 804 spirituales

339 831 406 876 non
429 829 471 872 ex
495 827 594 871 carae
609 807 664 870 sed
691 825 733 868 ex
761 807 834 870 Deo
855 809 944 880 nstir
965 807 1228 880 administratio,
1243 825 1310 868 oon
1325 808 1436 867 armis

339 897 396 961 sed
422 897 558 978 spirito,
581 891 685 956 Zach.
712 895 797 954 iuti.
856 891 1104 976 Benediclioacr
1128 899 1205 954 sont
1229 892 1438 973 spirituales,-

343 981 464 1061 Epher.
482 983 503 1041 i.
520 981 540 1042 s
595 978 699 1060 Lagea
714 977 909 1058 spirituales,
931 975 986 1039 lex
1002 976 1152 1057 Spiritus.
1197 975 1295 1040 Rom.
1312 979 1383 1038 viii.
1399 975 1433 1037 2.

342 1065 449 1130 Ama
474 1065 667 1150 spiritualia,
698 1081 765 1124 uon
790 1063 954 1136 carnellu
978 1059 1173 1144 Bona3qua
1191 1065 1434 1144 promittuntur

342 1170 476 1300 guoque
496 1149 690 1247 spiritualia,
721 1150 865 1210 remissio
884 1153 1106 1230 peccatorum,
1124 1149 1264 1229 justitia,
1290 1147 1433 1230 Spiritus

366 1245 712 1310 caum,·rrtaaterua
1217 1267 1219 1274 ·
1342 1245 1347 1254 ·

388 1317 448 1384 Vl.
473 1317 657 1384 Primordia
673 1319 771 1399 hujus
788 1321 883 1400 regies
898 1317 1069 1402 dignitatis
1083 1315 1217 1380 Christo
1228 1319 1366 1385 virente·
1377 1316 1438 1380 dee

342 1407 505 1490 prehensa
515 1413 601 1479 suot,
623 1407 654 1466 in
670 1407 862 1476 nativitate,
886 1403 974 1468 unde
990 1404 1082 1483 Magi
1093 1423 1168 1466 eum
1181 1407 1323 1468 venerati
1334 1411 1436 1478 soor,

343 1493 377 1554 in
401 1495 486 1566 vita,
510 1501 547 1552 ut
572 1509 647 1551 cum
673 1488 862 1552 Nathaua'al
886 1509 961 1554 aum
989 1497 1086 1552 vocat
1102 1508 1211 1567 regem
1239 1487 1377 1558 leacus.
1399 1495 1436 1550 et

345 1571 1440 1750 tlt2⁰:attitulatam.tramittit·

345 1747 568 1810 luculentiora
578 1743 669 1808 dedit
680 1749 774 1826 signa
785 1754 860 1828 port
870 1748 1139 1810 resurrectionem
1153 1753 1186 1808 et
1200 1747 1437 1819 arceariouem,

347 1852 451 1916 quum
466 1831 508 1896 de
523 1829 778 1913 cmloSpiritum
796 1833 893 1905 misit,
920 1850 977 1914 per
992 1831 1160 1914 apostolos
1171 1829 1356 1894 Ecclesiam
1368 1829 1434 1892 col·

347 1919 439 1999 legit,
463 1936 564 1996 regua
580 1915 693 1978 mundi
709 1915 770 1978 sibi
786 1917 937 1998 subjecit,
958 1923 1139 1997 etregnum
1162 1914 1357 1980 antichristi
1378 1913 1435 1978 de·

348 2011 474 2066 struere
490 2005 598 2082 capit.
632 1999 789 2082 Regnum
800 2002 889 2064 istud
906 2001 1136 2064 mediatorium
1153 2009 1262 2082 potest
1277 2001 1437 2068 trifariam

292 2113 296 2124 ¹
347 2079 559 2160 considerari,
583 2093 619 2146 ut
634 2085 852 2147 observarunt
867 2085 968 2148 docti.
1030 2088 1057 2148 l.
1082 2086 1128 2150 Ut
1142 2101 1283 2167 regnum
1293 2093 1436 2168 mro·

347 2177 394 2238 tis
419 2177 452 2236 iu
479 2174 600 2242 omnia,
623 2189 664 2231 oe
688 2170 814 2249 angelis
837 2171 978 2233 exclusis
999 2169 1094 2237 bonis
1108 2179 1142 2232 et
1161 2171 1266 2244 malis,
1287 2171 1344 2236 sed
1357 2189 1438 2235 cum

349 2271 441 2326 certo
459 2265 608 2339 respectu
619 2253 662 2316 ad
677 2253 871 2318 Ecclesiam.
915 2257 947 2319 2.
971 2255 1018 2320 Ut
1032 2273 1172 2340 regnata
1186 2258 1325 2338 gratio,
1347 2253 1436 2338 qnod

347 2351 520 2408 exercetur
546 2344 580 2404 iu
607 2339 756 2404 Ecclesia
782 2341 954 2404 militante.
1008 2344 1040 2404 8.
1074 2341 1120 2406 Ut
1141 2361 1283 2427 regnum
1303 2344 1443 2426 glorta,

347 2427 437 2514 quod
449 2434 628 2492 exercetur
643 2429 732 2490 circa
750 2424 935 2488 Ecclesiam
947 2427 1221 2509 triumphantem.

394 2509 474 2576 Vll.
499 2511 679 2576 AEteruum
697 2511 767 2574 tore
790 2529 925 2592 regnum
942 2510 1041 2576 docet
1060 2513 1232 2596 Scriptura
1247 2511 1328 2577 Luc.
1342 2514 1364 2574 i.
1379 2513 1436 2578 83.

346 2619 475 2681 semper
487 2617 545 2662 rex
556 2605 590 2660 et
601 2604 704 2678 caput
714 2595 857 2660 fidelium
869 2597 1442 2680 agnosceturChristus,sedmodua

347 2683 544 2748 mcooomici
574 2681 671 2761 hujus
698 2684 824 2762 imperii
841 2683 992 2746 diversus
1014 2686 1088 2748 erit.
1132 2683 1214 2748 Post
1227 2686 1444 2748 novimum

345 2767 509 2851 judicium
526 2765 612 2830 enim
630 2783 696 2850 nou
713 2766 853 2847 amplius
871 2765 1023 2832 Christos
1043 2769 1240 2851 gubernabit
1257 2769 1445 2832 Ecclesiam

373 2871 408 2916 er
420 2849 926 2930 ministeriumecclesiasticum
949 2856 1264 2920 totiusmuaerirsui
1282 2862 1443 2918 rationem

348 2873 427 3004 lieo
445 2933 571 3009 reddet,
586 2943 621 2998 et
635 2937 728 2998 sistet
741 2929 924 3002 Ecclesiam
943 2937 1039 3021 plana
1058 2939 1236 3021 gloriosam
1251 2941 1327 3004 Deo
1344 2941 1444 3016 Patri,

351 3031 387 3088 et
403 3031 483 3086 tuuc
509 3023 581 3104 ipsa
597 3019 714 3083 Deitas
738 3025 808 3084 sine
824 3024 1012 3087 interventu
1035 3025 1233 3099 mediatoris,
1256 3046 1327 3090 sere
1343 3028 1447 3090 homi·

350 3109 448 3174 nibus
459 3107 731 3184 communicabit,
748 3111 794 3172 sic
808 3106 901 3172 Deae
911 3114 1095 3174 errtoataio
1107 3115 1144 3176 ia
1155 3112 1320 3186 maus,
1346 3111 1446 3174 lCor.

354 3215 411 3259 xv.
423 3193 476 3258 28.
500 3191 597 3256 Tunc
609 3197 708 3256 etlam
720 3199 789 3275 ipse
802 3193 963 3271 Christus,
979 3197 1089 3277 quoad
1104 3199 1279 3262 humanam
1294 3207 1446 3261 naturam

354 3281 431 3346 Deo
447 3280 618 3360 subjectus
633 3280 714 3352 erit,
729 3280 812 3340 siout
831 3297 915 3342 uuus
940 3299 983 3342 ex
999 3283 1164 3358 iratribus,
1184 3285 1318 3366 absque*
1336 3293 1448 3348 umen

352 3365 557 3446 ullaglorioe,
578 3359 647 3445 qud
661 3363 792 3440 lruitur,
813 3366 1052 3430 imminutione.
1096 3367 1205 3452 Atque
1217 3369 1288 3432 hec
1299 3369 1342 3434 de
1356 3371 1446 3450 Rege

356 3449 490 3512 Christo
515 3445 691 3510 sufficiant.
736 3449 836 3512 Hunc
853 3449 978 3532 Regem
994 3451 1153 3518 debemus
1179 3458 1331 3532 revereri,
1354 3473 1447 3520 oecu-

353 3535 427 3607 lari,
448 3533 596 3597 adorare.
622 3531 696 3594 Psal
724 3534 756 3594 li.
788 3533 824 3596 12
857 3535 1017 3612 confiteri,
1039 3541 1109 3620 ejus
1125 3541 1244 3622 jugum
1265 3541 1378 3604 subire
1399 3542 1445 3603 lu·

355 3621 483 3706 beuter,
505 3637 545 3682 ac
560 3618 622 3680 sub
637 3619 763 3682 alarum
779 3619 850 3702 ejus
867 3623 990 3686 umbria
1004 3633 1109 3687 securi
1127 3629 1340 3709 requiescere.

400 3701 499 3769 vm.
524 3702 588 3766 Hic
599 3709 751 3768 omittere
763 3725 829 3767 nou
840 3726 981 3788 possum,
1005 3707 1174 3774 Christum
1187 3713 1290 3774 nos-iu
1301 3712 1447 3794 aliquam

322 3826 324 3834 ·
358 3810 492 3856 suorum
518 3787 699 3852 officiorum
724 3795 988 3856 communionem
1009 3813 1148 3870 vocare,
1169 3817 1274 3880 quum
1290 3817 1352 3860 uos
1371 3799 1446 3860 tacit

356 3881 462 3960 reges,
487 3873 675 3938 sacerdotes
699 3883 800 3958 atque
826 3880 1013 3962 prophetas,
1043 3889 1078 3942 et
1105 3887 1270 3946 unctionis
1297 3903 1366 3946 sure
1391 3899 1448 3945 nor

359 3959 469 4026 reddit
485 3963 671 4042 participes,
693 3979 790 4043 quam
806 3963 849 4024 ob
864 3983 997 4028 causam
1009 3963 1189 4032 Chastiaul
1207 3989 1282 4032 rere
1293 3968 1446 4032 dicimur.

405 4047 465 4110 lx.
491 4047 673 4130 Prophetas
686 4047 790 4112 laotos
805 4067 874 4113 esse
885 4049 996 4114 fideles
1007 4051 1176 4133 colligitur
1190 4072 1231 4118 ex
1248 4057 1359 4124 variis,
1381 4071 1445 4116 om·

362 4150 421 4194 nes
436 4141 513 4194 sunt
527 4135 547 4194 i
562 4133 634 4196 Deo
646 4133 767 4210 edocti,
788 4133 865 4206 inlr.
883 4139 925 4198 ri.
937 4137 989 4199 46.
1014 4137 1099 4200 isaia
1115 4139 1168 4202 tir.
1190 4139 1237 4210 18.
1259 4151 1292 4204 et
1313 4139 1447 4221 Spiritu

362 4216 484 4280 divino·
499 4213 669 4296 inundati,
688 4225 726 4283 at
747 4239 825 4286 cum.
847 4223 1011 4306 Septimio
1029 4223 1174 4310 loquar,¹
1187 4225 1307 4294 tatem
1322 4225 1450 4292 motio
1483 4247 1484 4332 l
