3000 5006
68 455 144 540 cop.
164 452 225 544 ia]
477 469 524 524 ns
546 467 723 536 recusas.
1081 465 1148 528 aas

62 643 126 688 rum
142 627 174 688 in
191 627 292 690 reteri
309 621 536 701 Testamenta,
553 625 656 690 Num.
670 627 761 690 xviii.
779 625 811 701 8,
827 627 858 702 9,
879 629 927 704 10,
945 628 995 706 ll,
1013 629 1063 694 12.
1098 631 1145 694 lis

60 703 138 772 euim
154 709 321 774 ordinario
339 707 610 778 concedebantur
630 711 801 786 sacrificia,
817 711 963 786 decime,
980 717 1143 795 primitia,

60 803 89 856 et
102 795 165 858 alia
178 794 211 858 id
223 814 342 876 genus,
355 801 473 876 preater
485 793 585 858 nrbes
595 795 753 878 quasdam
765 804 799 858 et
811 815 908 878 agros
923 797 1145 862 suburbicari-

60 898 101 940 os.
130 881 160 944 8.
174 879 225 942 Ex
240 879 383 944 naturali
395 876 525 960 justitia
535 885 570 940 et
581 883 748 962 equitate.
780 882 904 944 Annon
914 884 1000 944 enim
1013 902 1143 964 equum

58 969 102 1024 est
129 969 166 1028 ut
194 967 251 1047 qui
276 963 450 1039 docentur,
477 961 635 1026 docentes
660 971 858 1040 sustentent,
884 971 918 1029 et
948 968 1144 1048 temporalia

56 1049 239 1130 impertiant
258 1048 443 1134 spiritualia
465 1046 699 1112 tradentibus?
742 1050 773 1114 4.
799 1049 853 1112 Ex
876 1051 974 1113 variis
993 1049 1144 1114 absurdis

57 1149 123 1212 qne
137 1141 353 1216 sequerentur
367 1135 393 1196 si
410 1131 502 1195 nulls
519 1133 687 1216 stipendia
701 1131 871 1198 darentur.
918 1133 1015 1197 Parvi
1033 1134 1145 1211 relert,

56 1215 137 1280 unde
150 1219 213 1280 ista
235 1218 407 1281 solvantur
429 1217 604 1300 stipendia,
626 1217 726 1280 modo
740 1239 782 1282 ne
796 1219 871 1302 plus
885 1237 981 1302 aquo
1002 1225 1146 1300 angusta

55 1303 122 1380 sint,
146 1321 219 1386 qum
246 1321 314 1366 non
339 1301 502 1365 sufficiant
526 1305 650 1388 pastori
679 1303 817 1385 ejusque
842 1303 973 1366 familia
1004 1301 1144 1367 honeste

54 1385 181 1462 alenda,
197 1405 262 1460 nec
273 1389 373 1450 nimis
388 1387 510 1470 ampla,
525 1407 599 1470 qum
613 1385 656 1450 ad
672 1387 787 1452 luxum
804 1393 838 1451 et
854 1387 975 1450 laetum
992 1387 1128 1453 iaciant.

91 1469 149 1534 Vl.
167 1469 221 1536 De
234 1473 329 1536 bonis
340 1471 569 1536 ecclesiasticis
581 1471 659 1534 nolo
677 1472 730 1535 blc
742 1473 910 1548 disserere,
926 1471 991 1536 boc
1002 1479 1145 1548 certum,

51 1562 119 1701 post
145 1557 375 1640 apostolorum
402 1561 553 1638 tempora
577 1556 722 1640 singulas
750 1557 918 1622 Ecclesiae
942 1560 1056 1620 serario
1081 1571 1142 1620 sua

73 1640 207 1717 abnisse,
235 1643 270 1704 in
298 1659 372 1726 qna
395 1643 532 1724 quisque
556 1643 673 1724 stipem
701 1643 894 1724 conjiceret,
921 1649 958 1704 nt
981 1649 1073 1726 patet
1096 1661 1140 1704 ex

52 1721 175 1788 lustino
202 1733 238 1788 et
264 1723 481 1788 Tertulliano.
525 1725 748 1808 Sequentibns
769 1727 972 1810 temporibus
987 1745 1084 1808 agros
1105 1733 1140 1787 et
1180 1757 1184 1764 ·
1269 1741 1273 1748 “

47 1797 220 1874 'britundia
242 1809 408 1894 possidere
429 1809 530 1892 erepit
553 1809 717 1885 Ecclesia,
744 1813 885 1894 protasis
910 1809 1144 1896 largitionibus

52 1895 281 1974 imperatorum
297 1901 331 1957 et
348 1913 473 1975 regum.

87 1977 165 2058 Vll.
190 1979 334 2042 Coelibes
362 1998 432 2042 esse
451 1983 601 2060 pastores
627 1981 822 2060 neutiquam
845 1995 978 2042 necesse
1002 1983 1061 2042 est.
1110 1979 1139 2042 l.

51 2057 169 2128 Eadem
187 2067 366 2130 necessitas
378 2065 416 2130 iis
432 2064 614 2148 imponitur
625 2081 665 2127 ac
677 2065 841 2140 omnibus,
852 2065 910 2146 qui
926 2065 1142 2128 continentie

50 2147 131 2210 dono
155 2169 222 2214 non
250 2153 329 2212 sunt
353 2147 492 2230 prediti.
536 2148 566 2210 2.
592 2147 716 2211 Paulus
741 2148 827 2212 dixit
850 2152 1041 2232 episcopum
1067 2165 1139 2211 essa

48 2235 138 2298 unius
156 2237 269 2298 uxoris
291 2235 457 2298 maritum.
502 2235 532 2298 8.
558 2231 808 2298 Matrimonium
825 2251 896 2297 esse
917 2237 1004 2296 inter
1023 2252 1141 2298 omnes

48 2313 217 2383 honestum
240 2317 355 2383 docuit
376 2317 476 2395 idem,
499 2317 584 2382 Heb.
601 2321 670 2384 xiii.
686 2319 717 2381 4.
761 2320 794 2384 4.
819 2319 858 2382 ln
881 2322 989 2402 prisca
1004 2317 1138 2382 Jodoeo·

45 2419 111 2466 rum
137 2403 289 2470 Ecclesia
310 2423 378 2466 non
400 2403 499 2470 modo
522 2403 721 2476 sacerdotes,
746 2401 804 2466 sed
820 2409 854 2465 et
869 2403 1138 2468 excellentissimi

44 2488 209 2571 prophetea
240 2505 361 2550 uxores
387 2486 586 2562 habuerant,
621 2487 708 2546 lsaia
732 2487 799 2544 viii.
831 2488 862 2546 8.
915 2488 946 2546 ὁ.
982 2483 1138 2568 Apostoll

43 2572 167 2654 aliquot
199 2571 332 2632 uxorati
362 2567 508 2630 luerunt.
553 2568 583 2628 6.
612 2565 810 2648 Complures
839 2567 985 2654 episcopi
1017 2578 1138 2631 uxores

44 2655 242 2718 babuerunt.

81 2739 183 2802 Vlll.
209 2731 359 2800 Verbum
374 2733 495 2800 addam
512 2733 554 2797 de
569 2731 761 2796 Senioribus
776 2739 810 2797 et
829 2733 998 2800 Diaconls.
1044 2735 1137 2799 Seni·

38 2844 109 2886 ores
132 2827 212 2886 sunt
234 2819 418 2885 secundum
434 2839 539 2900 genos
562 2821 785 2883 ministrorum
802 2819 972 2897 Ecclesire,
988 2823 1039 2904 qni
1065 2841 1134 2886 non

38 2909 161 2972 babent
171 2909 228 2990 jus
244 2905 477 2981 concionandi,
492 2904 549 2967 sed
566 2906 620 2986 qui
631 2923 706 2970 curn
724 2906 910 2986 pastoribus
926 2907 1134 2990 disciplinam
1243 2939 1248 2954 ·

40 2993 295 3057 ecclesiasticam
311 2995 486 3064 exercent;
508 3007 650 3074 quornm
666 2987 809 3050 odicium
832 2997 881 3051 est
896 2989 1042 3053 infirmos
1057 2993 1134 3056 snb·

40 3079 156 3154 levare,
172 3077 376 3162 trepidantes
389 3075 530 3150 firmare,
544 3078 706 3142 ἂταιιτῦηας
717 3071 815 3136 olllcii
827 3072 1016 3150 admonere,
1028 3079 1135 3158 perri·

39 3182 131 3228 races
146 3159 190 3225 ad
208 3161 449 3246 presbyterium
466 3157 604 3222 deterre.
649 3157 702 3220 An
719 3157 762 3219 de
776 3157 839 3219 illis
856 3157 1010 3242 loquatur
1024 3159 1133 3244 Scrip-

41 3251 121 3324 tura,
147 3247 159 3311 l
179 3247 266 3309 Tim.
284 3265 316 3308 v.
336 3245 385 3310 l'l.
408 3243 539 3328 quidam
557 3241 777 3318 crediderunt,
793 3261 852 3304 nos
867 3261 933 3305 non
950 3243 1132 3322 credimus3

42 3329 291 3415 depositoribus
317 3329 370 3392 bic
396 3327 433 3390 fit
455 3331 591 3403 mentio,
613 3335 647 3392 et
669 3327 806 3390 dubium
831 3333 881 3392 est
899 3345 942 3392 an
965 3329 1026 3390 iste
1048 3328 1131 3392 ordo

43 3419 206 3481 institutus
220 3419 263 3478 sit
287 3421 436 3498 tempore
451 3413 690 3496 apostolorum.
735 3409 853 3479 Quoad
880 3411 1051 3489 diaconos,
1072 3409 1130 3497 qul

43 3501 276 3586 dispensandis,
305 3505 339 3562 et
364 3495 560 3580 colligendis
585 3517 768 3584 pauperum
798 3495 951 3559 subsidiis
980 3507 1130 3580 prosunt,

43 3585 174 3666 legimns
190 3585 444 3657 institutionem,
466 3583 534 3646 Act
549 3583 590 3646 ri.
611 3585 637 3646 l.
661 3583 756 3645 dotes
782 3581 899 3644 l’l'lm.
916 3584 961 3645 iii.
977 3585 1009 3658 8,
1028 3587 1059 3661 9,
1079 3579 1129 3652 10'.

43 3669 143 3734 Erant
170 3677 205 3735 et
231 3669 311 3732 olim
335 3668 476 3731 immine
501 3667 715 3741 Diaconissse,
746 3685 885 3750 quarum
916 3669 1129 3750 sequentibus

42 3757 238 3838 temporibus
264 3752 407 3818 officium
439 3753 513 3830 ruit,
543 3753 599 3813 nbi
628 3751 834 3834 baptizandos
862 3761 957 3814 erant
986 3755 1129 3816 tremine

42 3837 167 3918 adulte,
193 3855 328 3922 operam
354 3835 443 3911 dare,
470 3855 512 3899 ne
531 3836 658 3898 nudata
681 3837 826 3918 ipsarum
852 3854 993 3920 corpora
1015 3839 1129 3903 deiris

43 3927 316 4010 conspicerentur,
339 3927 376 3986 ut
392 3921 491 3985 docet
507 3919 726 4004 Epiphanius.
910 3921 915 3930 '
