3000 5006
265 485 267 492 ,
340 409 405 478 204
658 417 860 468 susurnam
880 415 1105 468 cusrsrrsrs.
1258 399 1348 496 [Lea.
1364 401 1425 468 lx,
1488 401 1489 492 ξ

344 579 485 648 muttrim
498 576 542 640 sb
558 573 823 648 Emittam
851 575 877 638 1.
895 573 933 638 in
950 571 1190 640 Enumtcsmo
1204 571 1338 656 obiecta
1360 595 1432 656 qne

321 723 324 730 .
344 655 446 732 manti
461 665 705 746 imprimuntur,
720 680 788 724 nnn
810 661 1014 724 extrinsecus
1029 657 1221 736 adveniunt,
1236 659 1295 724 sed
1310 663 1435 724 intusa

343 754 460 836 spiritu
485 765 542 832 per
557 765 696 812 arcanss
709 748 939 832 inspirationes
960 753 1194 829 suggeruntur.
1238 743 1285 808 At
1302 743 1357 810 hic
1373 746 1434 808 ob·

339 841 467 920 jectum
480 835 678 916 supponitur
688 851 816 916 semper
827 834 1031 896 extrinsecus
1043 827 1210 908 advenire,
1225 837 1313 894 etex
1330 831 1434 896 verbo

343 925 424 1008 peti.
469 920 501 982 2.
524 918 788 986 scamium
814 917 850 980 ht
875 936 933 1000 per
956 917 1083 980 subitos
1113 925 1223 982 motus
1248 919 1303 1000 qni
1325 917 1433 1000 ipsam

342 1009 506 1074 rstionem
522 1009 745 1078 antevertant,
759 1010 794 1068 et
808 1023 892 1086 sepe
907 1003 1110 1079 excludunt3
1129 1009 1166 1066 at
1182 1003 1334 1084 Spiritus
1359 1023 1434 1084 opo-

344 1095 435 1158 ratio
450 1110 563 1156 secum
578 1089 681 1154 trehit
698 1095 830 1172 gratum
852 1087 1031 1152 voluntatis
1052 1107 1260 1154 consensum.
1304 1096 1336 1154 δ.
1363 1087 1433 1152 En·

344 1179 552 1246 timiam
580 1182 725 1240 mentem
749 1173 863 1250 afficit,
886 1175 1063 1238 immutata
1083 1193 1168 1260 saepe
1192 1179 1350 1238 manente
1378 1194 1435 1236 vo·

343 1265 494 1340 luntste;
519 1259 608 1324 unde
635 1263 668 1324 in
686 1263 803 1342 impios
827 1261 928 1326 etiam
953 1259 1055 1336 cadit,
1076 1265 1114 1322 st
1138 1262 1288 1342 operatio
1301 1263 1435 1344 gratim

343 1351 528 1416 necessario
542 1346 641 1412 insert
656 1345 764 1416 cordis
780 1348 1009 1410 mutationem.

388 1433 487 1498 Vlii.
511 1435 670 1502 Quamvis
686 1431 832 1514 perfecte
846 1431 1012 1514 explicare
1026 1449 1095 1498 non
1110 1433 1271 1514 possimus
1286 1433 1432 1512 operati·

343 1539 444 1586 onem
459 1521 588 1602 gratiam
610 1517 715 1580 muita
737 1523 849 1580 tamen
873 1517 983 1580 dicere
1000 1535 1181 1598 possumus.
1225 1516 1277 1580 Ao
1297 1517 1322 1580 l.
1346 1519 1432 1580 exis-

343 1609 501 1670 timamus
524 1604 684 1686 Spiritum
699 1603 857 1666 Sanctum
883 1621 981 1684 agere
996 1601 1185 1668 immediate
1199 1605 1233 1666 in
1260 1621 1387 1684 corpus
1401 1609 1433 1666 et

343 1693 380 1758 in
404 1691 610 1772 sanguinem,
635 1707 677 1754 ne
698 1687 837 1752 effectus
859 1687 1023 1770 judicium
1050 1696 1198 1752 nostrum
1227 1687 1431 1770 perturbent.

343 1778 377 1842 2.
401 1773 576 1859 Impedire,
597 1777 774 1856 quominus
796 1776 985 1838 excitentur
999 1775 1033 1836 in
1048 1769 1185 1838 cerebro
1201 1773 1284 1836 tates
1312 1783 1432 1851 motus,

343 1861 390 1928 sd
404 1882 486 1946 qnos
501 1865 690 1926 excitantur
714 1860 806 1922 mstis
822 1853 1041 1942 cogitationes
1055 1861 1088 1922 in
1106 1867 1226 1924 mente.
1268 1859 1302 1924 8.
1329 1861 1432 1944 impe·

345 1949 430 2022 dire,
451 1949 626 2030 quominus
637 1945 696 2010 iiia
708 1945 841 2027 objecta
856 1965 928 2030 qum
941 1953 1023 2029 epto
1030 1953 1140 2010 essem
1154 1943 1199 2008 sd
1214 1963 1276 2010 nos
1287 1965 1432 2008 corrum-

345 2033 485 2118 pendos,
506 2032 627 2094 feriant
642 2037 796 2097 mentem.
839 2032 871 2096 4.
894 2031 1048 2100 Aroesro
1062 2029 1430 2100 animumshomnihus

342 2119 419 2184 sliis
433 2115 699 2198 cogitationibus,
721 2136 793 2198 quse
815 2121 949 2198 possent
963 2117 983 2180 d
997 2119 1174 2184 sanctitate
1188 2135 1250 2180 nos
1271 2127 1431 2182 evertere.

343 2205 376 2268 ὃ.
398 2202 454 2268 Sic
468 2207 630 2264 sttentsm
647 2199 783 2264 reddere
798 2206 954 2278 ruentem,
965 2221 1070 2286 quum
1085 2201 1166 2284 legit
1181 2201 1234 2263 vei
1247 2201 1346 2264 audit
1364 2221 1430 2268 rer-

343 2289 425 2354 hum
451 2288 527 2364 Dei,
549 2291 584 2350 et
608 2285 767 2368 impedire
790 2303 832 2350 ne
857 2305 951 2350 suum
977 2290 1160 2372 praecipitet
1178 2285 1356 2369 judicium.
1401 2287 1430 2352 s.

344 2376 470 2457 Sepios
486 2382 520 2438 et
534 2371 795 2454 frequentissime
809 2391 852 2436 ea
865 2392 939 2455 que
955 2369 1093 2454 legimus
1109 2380 1143 2438 et
1153 2373 1342 2438 audivimus
1358 2394 1431 2458 sug·

297 2513 306 2524 .
344 2480 472 2544 gerere,
493 2465 527 2522 et
542 2459 643 2522 menti
659 2457 813 2539 objicere.
857 2455 886 2520 7.
905 2457 1138 2525 Delectmtone
1153 2457 1281 2524 summu
1297 2459 1429 2541 pertun·

345 2543 647 2618 derementem,rel
659 2563 762 2624 quum
772 2543 851 2625 legit
861 2543 1069 2619 verbum‚vei
1080 2563 1183 2632 quum
1194 2545 1347 2610 columns
1357 2547 1427 2630 eius

347 2633 552 2717 preceptain
563 2631 690 2712 proxim
703 2647 869 2692 revocare.
892 2629 922 2692 8.
933 2629 1294 2696 Delectationemiltarn
1303 2649 1424 2714 sugere

349 2719 454 2796 magis
469 2735 509 2778 aa
522 2715 636 2794 magis,
658 2721 697 2776 ut
712 2718 824 2777 vincat
838 2714 1094 2782 delectationem
1109 2719 1249 2800 peccati.

389 2801 451 2864 lx.
468 2800 609 2882 Spiritus
620 2799 762 2862 Sanctus
772 2818 841 2862 non
853 2805 982 2866 tautum
994 2805 1065 2884 agit
1079 2805 1179 2878 intus,
1191 2801 1250 2866 sed
1263 2799 1430 2886 dispensat

346 2893 453 2952 certas
465 2887 740 2960 circumstantias,
761 2905 834 2967 quse
850 2905 916 2948 non
934 2905 1050 2969 parum
1066 2889 1198 2968 juram,
1218 2891 1267 2951 ita
1280 2889 1430 2972 aliquan·

346 2971 391 3036 do
406 2967 563 3056 quasdam
576 2973 809 3053 castigationes
823 2965 941 3054 infligit
956 2971 1154 3048 homiuibus,
1170 2979 1208 3036 ut
1219 2973 1345 3038 dociles
1362 2973 1431 3038 red-

346 3057 415 3122 dat.
458 3055 504 3122 At
520 3055 582 3120 itte
597 3057 851 3120 circumstantie
866 3077 943 3122 curn
959 3055 1060 3124 serbo
1075 3061 1275 3144 conjuncte,
1296 3059 1428 3126 adcon·

346 3145 529 3210 versionem
544 3147 690 3206 nostram
707 3145 840 3207 minime
855 3141 1033 3208 sufficiunt.
1077 3141 1165 3212 Nam
1185 3149 1212 3210 i.
1227 3148 1256 3210 si
1272 3145 1344 3212 hmo
1357 3166 1427 3210 sen·

345 3231 450 3294 tentis
463 3247 542 3292 vers
565 3235 661 3305 esset,
682 3228 807 3310 frigide
822 3235 942 3306 essent,
963 3237 1001 3292 ut
1021 3231 1091 3314 jam
1107 3229 1262 3306 diximus,
1285 3231 1429 3315 Scriptu-

346 3335 389 3378 re
418 3333 519 3378 sacrm
543 3311 790 3396 descriptiones.
840 3315 872 3378 2.
895 3315 1093 3398 sequeretur
1122 3337 1188 3384 son
1210 3315 1280 3386 atis
1304 3323 1431 3384 ratione

345 3401 415 3466 heri
428 3399 632 3464 Christianos
647 3401 681 3462 in
695 3397 855 3474 semesis,
878 3403 976 3483 quim
989 3401 1219 3488 Philosophus,
1238 3407 1307 3470 isid
1318 3425 1431 3490 seque·

347 3492 440 3552 retur
461 3487 583 3570 pariter
600 3486 709 3550 Deum
728 3505 798 3548 esse
819 3493 991 3552 auctorem
1017 3495 1053 3552 et
1078 3508 1210 3558 oaumm
1234 3489 1332 3566 mali;
1355 3494 1432 3576 quis

347 3591 415 3636 non
442 3573 549 3636 minus
564 3575 654 3634 certo
680 3570 848 3652 dispensat
863 3571 1006 3654 objecto,
1028 3575 1145 3659 quibus
1171 3575 1263 3658 impii
1287 3573 1334 3640 ad
1350 3579 1430 3642 vitis

344 3664 438 3722 certa
463 3655 689 3738 impelluntur,
710 3667 744 3720 et
768 3659 1033 3727 circumstantius
1047 3680 1090 3726 ex
1105 3661 1225 3746 quihus
1250 3670 1430 3746 peccatum

346 3746 463 3808 oritur.
506 3745 537 3808 8.
564 3741 701 3806 Certum
727 3749 789 3822 est,
811 3746 844 3808 in
872 3747 969 3811 uariis
995 3749 1252 3814 circumstsutiis
1282 3747 1428 3814 eundem

344 3831 520 3911 sepissime
529 3846 599 3894 asse
613 3828 779 3906 edentum,
800 3836 835 3894 et
849 3832 884 3898 iu
897 3829 1011 3901 iisdem
1026 3851 1113 3916 sepe
1126 3827 1305 3900 diversum.

384 3915 426 3980 X.
451 3915 488 3980 in
507 3917 612 3999 prime
634 3923 803 3985 momento
825 3920 1008 3982 ronchonis
1023 3925 1154 3994 nostre,
1175 3917 1309 4004 quaudo
1326 3917 1428 3986 homo

339 4001 376 4066 st
391 4020 498 4084 capu
513 4001 680 4077 credendi,
703 4009 785 4068 tunc
800 4021 834 4066 se
852 4003 951 4068 babet
967 4011 1056 4070 merc
1073 4007 1224 4088 passius,
1248 4023 1311 4070 nec
1335 4009 1429 4092 qnin-

342 4105 441 4168 qsam
456 4089 541 4169 agit:
566 4089 629 4152 hoc
645 4088 787 4172 probent
811 4089 869 4152 illa
882 4089 958 4156 iocs
980 4089 1172 4174 Scriptum,
1192 4111 1263 4176 qne
1289 4111 1428 4166 omnm,

344 4179 511 4235 mortuum
527 4193 597 4238 esse
611 4175 816 4256 describunt,
834 4181 870 4244 et
882 4175 949 4245 aiis
962 4177 999 4244 in
1012 4175 1134 4260 quibus
1149 4177 1290 4246 dicmur
1305 4179 1426 4250 mouri,

344 4260 547 4342 namuri,
567 4262 739 4329 meiius-i,
779 4355 783 4362 .
