3012 5000
351 453 413 521 tta
670 463 874 517 conoscere
894 417 1117 516 cumensis.
1261 441 1347 530 [uu.
1368 441 1430 507 Vt.

278 689 282 694 .
349 620 748 705 minismatadispositic·;
763 620 951 686 itaResest
962 613 1438 702 causamcrtis,qonindigitnr

351 731 409 776 seo
423 712 445 773 d
457 708 624 783 carnifice,
645 725 712 770 non
728 715 778 768 cst
800 714 912 770 nmen
935 725 1037 770 cansa
1057 705 1272 778 crudelitatis,
1293 719 1389 784 qnam
1404 702 1435 760 in

351 797 410 861 iila
424 795 514 859 cade
528 793 674 868 exhibet,
697 801 756 854 aut
778 793 856 868 odii,
876 811 955 855 cum
970 811 1040 876 quc
1062 791 1209 854 carnifex
1233 806 1327 852 renni
1342 791 1436 850 antea

354 900 450 944 suum
466 881 637 942 inimicum
653 877 786 940 occidit.
830 877 862 941 2.
885 877 1045 942 Actiones
1061 896 1127 940 non
1145 894 1239 958 posse
1252 872 1321 938 dici
1335 889 1437 936 essen·

352 969 476 1031 tialiter
499 966 602 1027 bonas
625 963 807 1037 solmiac,
829 962 886 1026 sed
902 981 962 1045 pro
979 965 1077 1026 variis
1098 957 1354 1026 circumstantiis
1374 973 1438 1020 csse

346 1053 459 1116 -isonas
475 1051 528 1114 ret
544 1049 646 1112 maias
660 1048 769 1131 (Aquod
785 1053 863 1110 sant
873 1049 990 1112 saltem
1008 1047 1051 1112 de
1063 1045 1316 1131 quamplurimis
1331 1042 1437 1124 negari

349 1139 489 1220 nequit)
511 1136 601 1198 verbi
621 1131 739 1215 gratia,
766 1133 929 1209 occidere,
951 1139 1062 1217 potest
1086 1151 1158 1196 esse
1183 1132 1272 1196 actio
1297 1129 1437 1192 bonnet

353 1227 445 1288 sotio
461 1221 567 1286 maia:
588 1221 677 1284 actio
694 1219 799 1300 bona„
814 1221 840 1282 si
852 1221 1011 1302 jubeatur
1025 1222 1047 1282 d
1061 1219 1274 1300 magistratu3
1296 1214 1394 1288 mdo,
1413 1211 1436 1274 si

355 1309 400 1372 ab
415 1309 549 1370 homine
564 1307 693 1390 privato
715 1305 784 1368 fiat.
827 1307 859 1368 8.
884 1306 1063 1387 Plerosque
1086 1305 1225 1367 affectus
1246 1318 1306 1382 per
1330 1319 1366 1362 se
1380 1315 1436 1360 nec

353 1413 426 1456 esse
438 1394 553 1467 bonos,
574 1410 637 1456 nec
653 1391 767 1465 malos,
788 1392 838 1452 ita
850 1410 954 1467 amor,
969 1391 1102 1472 cupido,
1117 1389 1241 1462 odium,
1255 1389 1317 1450 dc.
1340 1402 1437 1468 perse

354 1479 439 1542 nihil
455 1477 579 1540 hsbeot
595 1478 682 1539 maii.
717 1476 828 1540 Deum
843 1478 946 1558 igitur
961 1496 1056 1558 posse
1070 1476 1217 1539 excitare
1229 1469 1439 1544 hosadectus,
1487 1536 1488 1540 ,

353 1583 418 1628 nec
434 1570 544 1626 tamen
560 1583 617 1626 cos
632 1561 851 1626 determinare
866 1561 910 1624 od
926 1561 1059 1625 maium.
1102 1563 1134 1622 4.
1159 1557 1285 1622 Multas
1304 1575 1376 1620 esse
1388 1573 1438 1618 sc·

353 1651 474 1724 tiones,
490 1668 560 1731 quse
576 1646 687 1730 quoad
701 1647 917 1710 substantiam
932 1648 1073 1710 actionis
1087 1651 1167 1710 sunt
1178 1644 1281 1718 bono.
1297 1641 1356 1706 sed
1370 1660 1438 1722 qua

346 1736 482 1798 ,vitiose
506 1733 673 1808 dicuntur,
696 1752 798 1815 quum
823 1751 890 1796 non
910 1734 998 1796 actio
1022 1730 1217 1804 attenditur,
1239 1727 1298 1792 sed
1317 1729 1440 1800 modus,

356 1840 424 1902 quc
438 1819 476 1882 fit
490 1822 590 1894 actio,
606 1821 663 1903 qui
674 1820 787 1882 abesse
799 1823 919 1900 potest,
934 1824 968 1880 et
980 1819 1034 1901 qui
1043 1819 1208 1880 actionem
1220 1815 1301 1878 alids
1313 1813 1440 1884 bonam,

355 1909 379 1969 d
394 1905 469 1970 Deo
485 1915 684 1989 praeceptam
699 1907 806 1981 vitiat,
828 1909 865 1968 st
872 1905 1020 1986 precari,
1027 1906 1195 1986 jepiusnrc,
1209 1902 1438 1982 eleemosynam

355 1993 450 2066 doro,
471 1995 510 2053 ut
533 1992 575 2054 aa
598 1990 784 2055 luminibus
808 1991 971 2054 videaris.
1017 1987 1057 2050 lo
1079 1988 1118 2050 iis
1131 1988 1206 2069 capi
1228 1991 1337 2069 potest
1350 1981 1440 2046 nullo

354 2077 503 2156 negotio,
524 2074 691 2158 quomodo
705 2078 795 2140 actio
809 2077 852 2138 sit
866 2079 887 2138 d
910 2075 996 2150 Deo,
1017 2079 1056 2136 at
1069 2074 1229 2136 vitiositas
1243 2071 1286 2135 ab
1302 2068 1440 2134 humina.

356 2162 390 2222 6.
423 2157 522 2222 Posse
548 2159 619 2222 hac
640 2157 709 2222 duc
733 2159 891 2239 distingui
915 2161 950 2222 in
976 2160 1054 2242 ipsis
1080 2159 1225 2240 peccatis
1252 2154 1441 2220 omissionis.
1489 2175 1490 2178 ¹

357 2243 496 2308 Falsum
520 2245 610 2306 enim
636 2254 697 2320 est,
718 2247 753 2306 in
780 2244 901 2308 talibus
916 2243 1209 2327 peccatisnullutn
1232 2259 1303 2306 etse
1323 2245 1440 2306 actum.

355 2329 475 2392 Omnis
485 2329 618 2392 omissio
632 2330 686 2392 sel
700 2328 964 2406 antecedentem,
978 2329 1033 2392 vel
1043 2331 1325 2394 concomitantem
1336 2332 1440 2390 actum

354 2414 539 2478 voluntatis
555 2414 667 2490 habet,
687 2417 746 2497 qui
761 2421 927 2478 causaest
942 2415 1029 2478 illius
1044 2415 1238 2480 omissionis.

401 2499 463 2562 VI.
487 2499 613 2564 Verum
630 2501 708 2584 qnia
717 2509 949 2583 proponuntur
964 2507 1061 2566 certo
1075 2503 1236 2576 actiones,
1251 2518 1326 2583 quun
1338 2495 1440 2563 riden-

354 2589 412 2650 tsr
425 2587 604 2650 intrinsece
618 2585 736 2660 mate„
746 2593 785 2648 ut
802 2587 917 2650 odium
932 2585 1010 2663 Dei,
1030 2589 1092 2650 dtc.
1115 2587 1148 2650 in
1164 2585 1286 2670 quibus
1300 2591 1352 2650 est
1365 2581 1441 2646 diffi-

357 2671 518 2736 citiimurn
534 2677 596 2748 cst,
618 2671 821 2754 distinguere
840 2677 952 2736 actum
970 2671 1081 2754 quoad
1099 2673 1329 2748 substantiam,
1348 2672 1440 2734 dms·

356 2755 430 2818 litia
444 2757 549 2820 nctus.
593 2755 812 2839 Respondent
825 2762 916 2839 nque
930 2758 1027 2821 facile
1039 2759 1073 2821 in
1084 2756 1147 2822 iliis
1156 2755 1346 2822 actionibus
1354 2771 1442 2838 posse

357 2839 517 2922 distingui
543 2845 656 2904 actum
679 2845 700 2904 d
725 2843 807 2904 vitio
828 2844 934 2906 cetus.
977 2844 1025 2906 At
1044 2845 1120 2926 quia
1140 2843 1261 2908 multos
1281 2845 1371 2916 nori,
1391 2839 1439 2922 qui

244 2951 249 2954 ·
357 2925 424 2990 hoc
445 2945 513 2990 non
535 2931 674 3009 possunt
688 2945 818 3009 capere,
839 2928 1018 3011 aliquando
1042 2931 1228 2994 existimavi
1251 2927 1318 2994 dici
1342 2945 1440 3009 posse,

355 3013 392 3074 in
407 3012 448 3074 iis
460 3012 648 3076 actionibus
665 3013 775 3076 Deum
790 3033 861 3076 esse
874 3022 1046 3078 auctorem
1061 3016 1194 3078 iliorum
1209 3021 1374 3088 motuum,
1389 3009 1440 3093 qui

354 3115 414 3162 eas
429 3097 639 3179 precedunt3
664 3099 755 3162 serbi
770 3097 890 3181 giutid,
905 3107 1067 3185 motuum,
1089 3103 1145 3184 qui
1168 3097 1362 3183 precedunt
1376 3096 1439 3160 odi·

358 3201 415 3246 nm
440 3183 517 3258 Dei,
538 3203 607 3246 non
631 3189 710 3248 sard
732 3192 903 3248 strictorem
924 3204 996 3250 esse
1018 3187 1104 3250 iliius
1127 3193 1225 3250 actus
1245 3185 1324 3250 cdii.
1370 3183 1441 3246 Duo

355 3268 570 3334 observabam
587 3269 630 3332 sd
645 3289 726 3334 inem
740 3274 910 3334 sententia
932 3271 1170 3353 probationem.
1218 3273 1245 3334 Ι.
1270 3271 1317 3336 Ut
1332 3269 1439 3332 odium

358 3349 426 3416 Dei
440 3359 605 3418 excitetur
619 3359 653 3418 in
675 3361 785 3418 mente
800 3375 885 3432 mea,
908 3375 1041 3420 necesse
1052 3377 1125 3421 csse
1141 3364 1179 3422 ut
1194 3361 1284 3438 prius
1299 3357 1442 3420 excitem

354 3442 412 3500 tur
425 3441 509 3502 certi
523 3439 658 3522 quidam
674 3448 783 3504 motus
798 3443 832 3504 in
848 3461 998 3524 corpore,
1019 3449 1053 3506 et
1069 3447 1103 3506 iu
1110 3445 1229 3506 nnims
1243 3449 1342 3508 certe
1357 3440 1441 3520 cogi·

357 3525 513 3600 tatium
534 3525 653 3607 quibus
669 3526 794 3589 seratur
809 3525 849 3590 ad
872 3527 950 3590 odic
967 3528 1167 3605 babendum,
1186 3527 1280 3613 quod
1295 3527 1357 3590 sibi
1372 3543 1443 3606 pro·

355 3617 510 3690 portans.
555 3609 609 3673 lili
623 3619 743 3689 motus,
766 3619 801 3675 et
815 3612 878 3676 itte
890 3616 1120 3693 cogitationes,
1141 3633 1184 3678 cx
1199 3635 1235 3678 se
1249 3615 1439 3694 neutiquam

353 3695 450 3758 mala
462 3699 553 3770 sunt,
574 3695 633 3760 scd
648 3695 879 3762 determinatio
893 3699 1023 3763 iliarum
1045 3699 1203 3764 adversm
1225 3699 1349 3773 Deum,
1370 3714 1440 3780 qus

247 3843 257 3852 ,
354 3782 513 3862 seqnitur,
532 3783 568 3844 et
582 3801 657 3864 qne
671 3782 708 3846 tit
722 3786 743 3847 i
758 3791 872 3848 nostra
893 3784 1076 3862 voluntate,
1096 3792 1148 3848 est
1162 3786 1439 3865 omniumpecca·

353 3869 465 3928 tarum
480 3868 720 3948 gravissimum.
764 3869 796 3932 2.
819 3870 1046 3934 Observabam
1068 3871 1151 3934 nihii
1172 3869 1342 3954 impedire.
1365 3886 1439 3950 quo·

349 3952 466 4014 minos
480 3951 584 4030 Deus,
605 3955 674 4018 sive
694 3955 825 4036 agendo
847 3958 883 4020 in
902 3957 1109 4039 sangninem,
1129 3957 1255 4024 sivein
1277 3954 1440 4024 tumores.

353 4037 428 4098 sire
446 4038 480 4100 in
498 4045 661 4118 menum,
681 4045 808 4106 excitet
829 4039 902 4104 illos
927 4047 1049 4119 motus,
1070 4044 1136 4108 inid
1161 4043 1318 4110 adantum
1345 4053 1439 4123 quem

352 4135 513 4186 vocamus
522 4127 646 4192 οάἑικη.
692 4127 817 4191 verum
833 4127 915 4210 quia
924 4123 1064 4196 affectus
1079 4129 1140 4196 sibi
1155 4145 1284 4210 semper
1298 4124 1439 4206 sellem

351 4204 503 4354 prodam
517 4209 661 4292 objecta,
676 4219 712 4278 et
722 4219 761 4276 nt
775 4213 1120 4298 plurimum.iernntur
1130 4217 1165 4280 in
1177 4215 1309 4298 objecta
1319 4209 1439 4278 obiso.

414 4297 453 4354 ut
476 4292 577 4378 horno
601 4303 789 4383 corruptus,
809 4300 845 4365 in
868 4301 1181 4384 qnosgtsctusotii
1199 4299 1366 4370 excitatus
1379 4297 1437 4366 cst·
