2986 5160
684 397 817 456 ‘mm
837 396 1082 456 nummulum.

700 649 740 712 lrr
765 647 977 716 Aumconosr
1001 645 1062 712 lX.

235 869 241 878 .
336 821 402 886 Tr.
424 821 452 882 l.
476 819 612 882 Fuluus
628 816 798 880 bominum
810 813 852 878 ad
868 813 1044 900 imaginem
1063 812 1127 876 Dei
1138 817 1273 878 mustus
1288 817 1324 876 et
1341 815 1442 877 inno·

335 921 413 970 oens
429 913 571 977 oreatus,
589 901 652 966 boo
668 901 855 966 felicissimo
871 907 961 962 statu
976 899 1035 964 sub
1051 897 1150 982 oulpb
1165 886 1304 976 excidit,
1319 908 1360 962 et
1376 903 1438 963 sibi

333 1009 499 1056 summum
531 989 747 1053 infortunium
777 988 962 1062 accersivit,
993 987 1099 1069 legem
1130 987 1150 1048 b
1181 983 1257 1049 Deo
1287 989 1438 1070 positam

332 1073 615 1158 transgrediendo,
631 1079 665 1138 et
680 1075 824 1138 fructum
841 1071 967 1135 srboris
981 1073 1092 1134 vetitre
1107 1069 1246 1134 edendo.

418 1165 447 1226 2.
474 1163 693 1228 Commissum
711 1161 774 1222 luit
797 1169 971 1242 peccatum
994 1157 1068 1233 boo,
1083 1177 1151 1220 non
1175 1156 1264 1239 quod
1287 1159 1436 1238 gratiam

333 1264 426 1313 snam
445 1249 538 1312 Deus
549 1247 751 1310 subtraxerit
767 1243 903 1322 bomini,
917 1241 975 1308 sed
988 1245 1067 1327 quia
1083 1243 1182 1306 bomo
1198 1243 1359 1306 libertate
1375 1262 1436 1306 sna

330 1336 529 1399 abusorest.
565 1343 567 1346 ’

328 1422 331 1433 “
417 1416 447 1485 ³.
472 1416 546 1483 lino
571 1413 806 1493 inobedienrit,
827 1413 990 1502 justitiam
1015 1414 1221 1498 originalem,
1252 1426 1332 1477 enm
1368 1431 1437 1498 qna

331 1515 462 1570 creatus
478 1513 560 1578 erat,
576 1505 696 1579 amisit,
711 1509 851 1566 mortem
867 1501 1022 1564 eternam
1041 1501 1170 1575 meruit,
1189 1507 1224 1563 et
1239 1504 1342 1563 morti
1355 1509 1436 1564 tem·

327 1593 434 1674 porali
458 1591 622 1654 obnoxios
638 1589 746 1652 iactus
768 1595 829 1666 est,
844 1591 901 1671 qui
923 1587 1118 1650 immortalis
1134 1585 1261 1661 inisset,
1283 1589 1364 1650 sila
1385 1589 1433 1650 ia·

330 1679 485 1740 nocentis
502 1679 706 1778 perstitisset.

414 1763 445 1825 4.
471 1762 559 1826 Hrno
587 1761 729 1826 tenebras
755 1761 964 1843 occuparunt
989 1763 1147 1833 mentem,
1173 1761 1335 1841 corrupta
1367 1757 1428 1821 luit

329 1848 495 1924 voluntas,
511 1849 694 1934 perturbati
710 1847 858 1910 affectus.

414 1935 435 1996 o
469 1930 547 1998 Non
575 1935 802 1998 existimamus
825 1939 935 1994 tamen
962 1931 1008 1993 ita
1032 1927 1175 1995 deletam
1203 1927 1305 1993 misse
1330 1931 1364 1992 in
1386 1949 1426 1992 eo

327 2017 505 2102 imaginem
532 2019 609 2092 Dei,
636 2025 674 2080 ut
700 2017 801 2080 nolle
829 2015 1053 2098 superfuerint
1083 2016 1239 2098 reliquie,
1266 2022 1326 2078 ant
1349 2033 1424 2078 eum

327 2104 467 2168 liberum
483 2121 578 2166 sunm
603 2101 776 2166 arbitrium
792 2105 948 2178 amisisse,
965 2099 1023 2166 sed
1049 2109 1205 2188 putamus
1222 2105 1254 2162 in
1272 2121 1312 2164 eo
1333 2109 1422 2164 stata

326 2187 438 2262 inisse,
462 2191 499 2249 nt
522 2189 644 2270 absque
664 2191 781 2268 gratim
804 2184 931 2250 auxilie
953 2185 1037 2251 nibil
1062 2185 1141 2250 boni
1156 2193 1331 2270 prestaret,
1355 2205 1420 2250 neo

324 2269 479 2358 proselire
494 2279 616 2358 posset.

698 2435 739 2501 ln
762 2433 977 2502 Asrrcmorr
1000 2437 1044 2503 x.

324 2591 391 2672 Tri.
412 2605 438 2672 l.
462 2603 616 2670 Aornos
632 2621 698 2667 non
709 2603 769 2666 sibi
782 2607 923 2680 lantum,
938 2604 996 2668 sed
1007 2609 1042 2669 et
1053 2607 1192 2690 posteris
1204 2608 1416 2684 suisnoonit;

323 2693 417 2756 undo
441 2695 475 2754 in
501 2689 633 2754 Aramo
659 2706 773 2753 omnes
799 2693 998 2768 moliuntur,
1024 2699 1063 2756 ui
1090 2695 1124 2756 in
1150 2692 1286 2758 Christo
1306 2711 1416 2757 omnes

324 2777 546 2840 vivificantur.

407 2862 438 2926 2.
464 2861 552 2926 Hino
568 2860 694 2925 lactum
709 2867 747 2925 ut
762 2867 937 2946 peecatum
949 2865 1021 2946 ejus
1033 2863 1075 2928 arl
1092 2871 1243 2948 posteros
1260 2883 1417 2950 propaga·

318 2953 395 3012 tum
412 2948 522 3024 luerit,
535 2955 569 3010 et
580 2955 794 3030 propagetur,
805 2948 891 3034 qnod
906 2959 1079 3032 peooatum
1092 2953 1253 3034 originale
1268 2953 1400 3016 dieitur.

406 3037 436 3100 8.
462 3033 514 3096 Εο
526 3053 639 3096 omnes
654 3037 675 3096 ὰ
690 3037 803 3097 matris
815 3041 910 3096 utero
921 3034 1035 3099 ibieoti
1047 3045 1245 3115 nascuntur,
1255 3057 1416 3121 nemoque

293 3178 297 3188 .
321 3121 365 3186 ab
381 3139 421 3184 ea
436 3121 490 3184 lue
506 3122 661 3183 immunis
676 3119 760 3196 init3
781 3127 900 3202 praeter
916 3119 1085 3186 Christum
1103 3123 1311 3188 Servatorem
1324 3125 1416 3188 nobis

322 3225 382 3290 per
397 3208 510 3268 omnia
523 3203 662 3268 similem
678 3205 815 3279 iactum,
830 3213 974 3289 excepto
990 3217 1140 3292 pennato.

405 3293 438 3354 4.
462 3291 536 3354 Neo
552 3295 624 3375 ipsa
639 3290 748 3354 Maria
764 3291 888 3356 Christi
903 3297 1010 3357 mater
1023 3293 1124 3358 beata
1136 3295 1239 3378 bajus
1251 3295 1417 3380 originalis

320 3377 404 3442 isbis
418 3393 536 3458 expers
549 3377 624 3440 fuir.

405 3465 437 3528 ὃ.
463 3461 539 3526 Non
572 3463 723 3526 consistit
743 3463 834 3531 istud
858 3470 1035 3548 pennatum
1050 3467 1085 3530 ia
1110 3483 1202 3532 mera
1226 3469 1412 3552 privatione

319 3567 377 3614 sea
393 3550 542 3612 samntio
557 3549 705 3630 justitie.
722 3627 728 3638 Ι
1015 3606 1018 3616 ,

405 3637 436 3698 6.
461 3633 567 3698 labes
581 3635 645 3696 ista
666 3653 781 3698 omnes
793 3640 926 3701 nostres
946 3637 1122 3703 ianullstes
1142 3645 1304 3722 onenpat,
1317 3647 1354 3704 et
1372 3658 1412 3706 ex

317 3739 360 3784 ea
373 3721 467 3786 relat
479 3737 523 3784 ex
537 3719 632 3784 lonte
646 3721 813 3800 obsooeno,
829 3727 943 3788 omnia
955 3723 1022 3788 alia
1036 3731 1176 3808 peraeta
1189 3729 1341 3791 nnsbt.

678 3885 719 3950 ln
741 3885 955 3954 usnemun
977 3890 1040 3956 Xl.

268 4073 270 4084 ¹
317 4049 383 4118 Tu.
404 4053 431 4116 l.
442 4049 648 4146 ,esccmurr
671 4056 830 4139 originale
846 4075 960 4124 rernm
976 4063 1026 4122 est
1041 4065 1230 4144 pensatum
1242 4079 1287 4127 ao
1304 4067 1408 4126 morte

317 4143 439 4202 aeterna
453 4139 602 4222 dignum.

401 4223 431 4283 2.
456 4223 575 4290 Manet
600 4231 633 4290 in
660 4227 766 4304 nobis,
787 4227 950 4310 quamdin
976 4231 1008 4294 in
1027 4231 1117 4296 bisse
1143 4235 1238 4296 terris
1262 4235 1409 4306 virinus.

315 4305 414 4370 etlam
426 4316 505 4412 post¹
517 4310 729 4394 baptismam,
744 4317 893 4396 quamvis
907 4316 1117 4384 condonatur
1132 4317 1296 4384 fidelibus.
