3000 4998
328 369 392 440 202
660 384 862 440 runonocts
884 385 1108 436 rannerius.
1239 371 1439 457 [Libvll.

330 549 456 628 ripere:
480 544 532 610 Dc
541 545 671 614 nullius
686 549 795 613 salute
806 546 1059 628 dsapsrcndum,
1070 561 1163 626 quem
1172 540 1239 606 Des·
1249 547 1439 626 patientia

327 633 412 695 eluit
426 633 547 703 vivere,
564 639 602 694 ut
629 633 775 716 loquitur
789 633 1051 714 Augustinus,cc
1071 631 1129 692 sui
1150 632 1257 712 ipsius
1283 631 1437 692 minente

324 719 480 784 omnium.
524 717 670 782 Tametsi
690 721 777 782 enim
800 725 878 780 ante
899 715 973 778 fidei
998 721 1032 778 et
1051 715 1321 778 sanctificationis
1344 735 1440 778 con-

326 805 509 878 scientiam,
520 823 617 866 nemo
628 811 736 886 potest
746 804 918 866 electionis
929 821 995 864 suae
1006 809 1114 864 certus
1123 821 1204 876 esse,
1214 805 1325 862 tamen
1338 803 1438 864 mul·

326 895 362 950 ta
377 893 465 964 sunt,
480 908 522 952 er
537 889 656 972 quibus
667 888 708 950 de.
724 890 886 952 electione
901 885 961 948 sub
976 887 1060 948 male
1072 887 1209 948 ominari
1226 905 1292 946 non
1309 883 1438 964 debet,
1487 957 1488 962 η

329 993 429 1056 quem
447 973 539 1036 Deus
559 977 592 1036 in
608 975 779 1056 evangelio
795 973 943 1054 quotidie
959 979 1067 1048 vocat,
1088 979 1123 1034 et
1137 973 1231 1053 cujus
1246 969 1358 1034 cordis
1377 993 1439 1034 os·

326 1059 542 1142 tiumSpiritu
554 1079 614 1121 suo
625 1059 744 1143 pulsat,
755 1079 825 1142 quae
837 1059 944 1122 media
956 1059 1168 1140 quantumvis
1180 1056 1437 1122 nonsufficiant

327 1145 482 1206 electioni
500 1143 697 1228 probandae„
709 1143 876 1207 sufficiunt
890 1153 1000 1205 tamen
1017 1143 1059 1204 ad
1075 1141 1121 1220 id,
1138 1151 1175 1206 ut
1189 1163 1286 1204 nemo
1302 1163 1349 1219 se,
1367 1151 1439 1207 aut

327 1231 428 1294 alium
443 1231 652 1314 reprobatum
667 1229 828 1292 affirmare
838 1229 967 1302 debeat,
983 1229 1115 1310 dicique
1133 1231 1297 1292 miserant
1313 1248 1438 1312 repro·

327 1317 426 1378 batus
442 1321 518 1379 calc
541 1317 663 1380 obitum
677 1335 769 1378 nemo
784 1313 1134 1396 supremoqucfunerc
1149 1315 1248 1377 debet.

374 1403 533 1476 Secundo,
549 1403 771 1475 observamus,
786 1401 870 1462 male
886 1421 942 1462 eos
955 1401 1074 1476 dicere,
1086 1402 1112 1462 si
1128 1419 1201 1462 snrn
1214 1399 1432 1484 reprobatas,

329 1489 390 1550 etsi
408 1488 552 1561 credam,
575 1495 609 1550 et
634 1489 858 1548 sanctimoniae
881 1485 1081 1560 incumbam,
1107 1485 1231 1564 peribo.
1277 1485 1431 1548 Nullum

328 1575 414 1636 enim
443 1581 493 1634 est
518 1571 706 1653 hujusmodi
730 1572 901 1634 decretum
927 1571 968 1632 de
1000 1569 1192 1632 damnandis
1219 1571 1432 1648 hominibus,

322 1659 457 1728 ,etiarnsi
469 1659 617 1728 credant,
636 1661 803 1736 vitamque
821 1661 934 1717 sancte
950 1659 1144 1732 instituant;
1167 1657 1244 1728 imd,
1260 1659 1432 1720 contrari·

333 1763 388 1806 um
405 1745 440 1806 in
456 1743 628 1824 evangelio
644 1741 789 1804 edictum
807 1742 1047 1828 promulgatur,
1061 1744 1253 1824 quicumque
1274 1743 1430 1805 credide·

329 1832 387 1906 rit,
410 1827 542 1892 babebit
556 1832 666 1892 vitam
681 1831 851 1902 aeternam,
895 1827 972 1890 Joh.
988 1828 1031 1888 iv.
1051 1829 1098 1888 19.

387 1912 532 1976 Tantum
562 1913 655 1976 abest
690 1921 728 1975 ιιι
762 1913 914 1976 doctrina
940 1911 1249 1987 Pmdestinationis,
1274 1909 1316 1974 ad
1342 1911 1427 1978 des·

330 2001 535 2082 perationem
556 1999 746 2080 compellat,
763 2007 801 2060 ut
822 2002 841 2060 ὁ
865 2004 982 2060 οοιιιιιι
997 1998 1206 2058 suavissimus
1228 1997 1323 2076 hujus
1338 1997 1427 2062 doc·

330 2085 423 2144 trium
451 2083 578 2144 fructus
596 2083 718 2158 redeat,
743 2084 863 2145 tamin
888 2081 1134 2157 tralationibus,
1150 2085 1218 2144 sive
1233 2088 1384 2145 oriantur
1402 2089 1426 2148 ὰ

330 2167 525 2249 corruptelis
548 2167 774 2242 seductorum,
794 2172 1020 2249 apostatarum
1036 2167 1210 2243 scandalis,
1233 2175 1431 2252 persecuto·

330 2272 404 2316 rum
431 2251 616 2328 luroribus;
643 2253 712 2314 sire
737 2253 780 2314 ab
795 2251 986 2316 infirmitate
1012 2255 1121 2316 carnis
1145 2260 1179 2316 et
1205 2261 1426 2336 peccatorum

329 2339 544 2414 conscientia,
559 2343 632 2400 tum
656 2337 690 2399 in
713 2335 961 2419 afflictionibus,
979 2339 1048 2402 sive
1063 2357 1139 2400 cum
1166 2337 1352 2402 Ecclesiam
1369 2347 1427 2426 ty·

329 2426 425 2488 sanni
441 2431 577 2499 vexant,
592 2425 661 2486 sive
676 2424 751 2486 curn
768 2425 951 2486 necessaria
965 2423 1205 2506 vitoe'prmsidia
1220 2425 1396 2489 deliciunt.

375 2509 436 2575 tv.
460 2508 513 2573 Ad
524 2509 617 2574 aliud
629 2509 798 2572 bominum
810 2527 915 2592 genus
927 2510 1088 2586 venimus,
1099 2511 1156 2592 qui
1171 2507 1324 2573 doctrind
1338 2531 1425 2592 prm·

327 2595 558 2660 destinationis
579 2595 763 2657 abutuntur
777 2593 820 2656 ad
840 2595 1008 2658 lasciviam
1024 2600 1058 2656 et
1079 2583 1264 2658 socordiam
1287 2599 1422 2676 carnis3

328 2681 409 2742 dnm
425 2681 529 2754 aiunt,
555 2681 588 2742 si
601 2699 676 2742 sum
686 2682 806 2744 electus
820 2681 980 2764 quicquid
994 2699 1098 2764 agam
1111 2681 1279 2744 scrucbor.
1313 2680 1425 2747 Varia

327 2772 439 2828 autem
456 2765 667 2827 observamus
680 2785 689 2838 ;

374 2849 500 2926 Primo,
520 2852 769 2931 cogitationem,
783 2869 849 2914 non
865 2855 899 2916 in
915 2851 1016 2914 aliam
1040 2854 1137 2936 quim
1151 2853 1328 2918 scelestum
1344 2875 1427 2938 pro·

329 2936 505 3019 fanumque
530 2935 648 2998 cadere
673 2954 781 3017 posse:
805 2937 887 3000 Sum
904 2933 1194 3018 praedestinatum
1219 2959 1298 3023 erga
1321 2944 1427 3006 carna*

317 3021 439 3104 ficano
459 3022 635 3086 manda:
658 3021 782 3086 electus
805 3021 870 3084 Dei
886 3021 971 3086 filius
987 3039 1158 3106 nunquam
1173 3023 1208 3088 id
1229 3027 1299 3088 use
1316 3029 1425 3110 impe·

329 3109 441 3183 trabit,
458 3114 495 3168 ut
509 3110 588 3191 quia
603 3129 637 3170 sc
652 3107 751 3172 tuisse
765 3109 785 3170 ιι
801 3107 876 3172 Deo
892 3107 1051 3171 dilectum
1076 3109 1308 3192 suspicabitur,
1321 3110 1426 3176 idcir·

327 3213 370 3254 co
386 3194 495 3258 Deum
511 3191 677 3256 offendere
692 3194 784 3267 velit,
796 3195 849 3256 rel
863 3195 943 3274 quia
957 3193 1058 3256 luerit
1073 3193 1116 3258 ad
1131 3195 1297 3258 cmlestem
1314 3199 1426 3264 vitam

329 3278 592 3360 praedestinatus,
607 3279 682 3342 ideo
698 3284 885 3340 terrestrem
897 3297 937 3342 ac
953 3279 1118 3344 carnalem
1135 3284 1236 3362 uitam
1251 3283 1424 3350 instituat.

371 3366 531 3438 Secundo,
555 3365 672 3426 salsum
688 3382 758 3426 esse
783 3363 939 3438 electum,
965 3365 1124 3448 quicquid
1146 3371 1235 3448 agat,
1249 3367 1423 3432 salvatum

327 3451 377 3512 iri.
412 3451 500 3513 Nam
515 3448 603 3512 idem
621 3449 714 3513 Dens
727 3451 784 3530 qui
800 3448 978 3514 destinavit
991 3450 1198 3528 adsalutem,
1213 3451 1301 3516 idem
1318 3452 1425 3527 desti·

323 3537 419 3598 navit
433 3535 474 3596 ad
491 3533 599 3596 media
613 3533 771 3598 ducentia
784 3535 827 3598 ad
842 3535 992 3598 salutem.
1038 3536 1162 3600 Paulus
1179 3557 1234 3600 ras
1245 3537 1425 3603 electionis

327 3626 399 3684 erat
414 3627 448 3683 et
462 3621 625 3701 &amplior
638 3620 681 3682 ab
704 3628 839 3694 aterno,
865 3623 975 3703 itaque
1000 3627 1091 3686 certo
1115 3623 1295 3686 serrandus
1322 3633 1423 3702 erat3

325 3707 352 3768 si
368 3708 442 3788 quis
457 3712 567 3770 tamen
583 3705 720 3780 diceret,
736 3705 876 3773 Paulum
899 3709 968 3770 sive
982 3705 1025 3768 ad
1043 3708 1213 3772 Christum
1224 3729 1423 3784 ¹conversus

325 3792 452 3865 luisset,
467 3794 535 3854 sive
550 3794 584 3854 in
601 3791 810 3874 blasphemiis
825 3801 860 3854 et
882 3789 1122 3875 persecutione,
1140 3813 1237 3876 quam
1253 3795 1419 3860 Ecclesiae

324 3877 522 3952 intentabat,
538 3879 733 3958 perstitisset
746 3877 789 3940 ad
804 3887 989 3952 extremum
1016 3881 1091 3942 sitm
1107 3884 1271 3962 spiritum,
1292 3882 1418 3944 nibilo-

326 3964 434 4024 minus
449 3961 647 4027 serrandum
672 3962 781 4038 tuisse,
802 3965 829 4026 is
844 3963 945 4026 dubio
962 3965 1078 4047 procul
1093 3966 1214 4042 laisum
1238 3967 1417 4049 proterret.

327 4045 487 4112 Quamvis
498 4051 731 4131 igiturrernm
747 4051 789 4122 sit
812 4049 1148 4133 quemlibetelectum
1171 4057 1338 4116 serratum
1362 4055 1416 4126 iri,

326 4130 534 4198 falsissimum
560 4140 759 4210 tamenest,
784 4134 1026 4216 quovismodo
1051 4137 1275 4200 salruml'ore.
1321 4138 1411 4202 Nam
1487 4165 1488 4168 ¹

325 4218 424 4298 quim
445 4221 670 4312 neceesarium
694 4228 746 4289 est
770 4221 915 4292 electum
940 4225 1075 4301 serrari,
1100 4229 1168 4288 tam
1193 4227 1409 4288 necessarium
1487 4245 1488 4250 ¹

354 4545 370 4578 N
