2994 4996
377 429 439 496 144
694 439 896 496 meonesrs
917 439 1141 492 cnarmrsrrs.
1311 425 1395 516 [tto.
1410 427 1449 496 tt.

416 601 479 666 Xl.
501 601 666 668 lnlnitarn
682 617 812 684 ponam
828 603 973 664 meretur
994 605 1179 683 peccatum,
1202 597 1280 684 qnia
1299 598 1450 668 adversus

373 686 442 752 Ena
458 685 620 752 Infinilum
636 693 797 770 patratur.
841 685 906 750 Sed
918 683 1107 768 disquiritur
1123 689 1234 784 utrnnr
1246 704 1375 768 punam
1387 686 1451 750 infi-

369 771 979 935 &lusistislusistis
1000 769 1299 920 {restitit}
1315 769 1451 920 2³:3⁰3}

368 961 475 1025 capax
487 943 627 1008 serendre
644 961 746 1026 poene
761 940 894 1004 indultu
910 939 1019 1024 quoad
1029 940 1163 1023 gradus,
1185 939 1381 1006 intinitatem
1402 945 1448 1004 trr-

369 1029 532 1092 tsrrsr'orrs'r'r
544 1037 582 1092 ut
596 1028 786 1112 loquuntur,
797 1028 1002 1109 compensari
1018 1045 1076 1108 per
1091 1023 1292 1106 trifinitctem
1306 1027 1448 1090 durato·

365 1114 434 1176 sris.
478 1115 564 1178 Sane
579 1113 731 1176 dubitare
751 1131 818 1174 non
842 1129 1026 1194 possumus,
1048 1113 1125 1194 quin
1142 1117 1315 1193 peccatum
1331 1118 1449 1176 mereat

366 1217 497 1282 ponam
513 1197 685 1279 iqfinr'tnm
702 1197 887 1272 duratione,
902 1197 982 1278 quia
994 1197 1113 1258 rationi
1125 1203 1383 1260 consentaneum
1394 1205 1448 1272 est,

365 1286 476 1367 utqui
490 1283 593 1350 semel
608 1283 689 1346 lesit
701 1283 812 1346 Deunr
827 1276 896 1344 Eus
911 1279 1086 1356 infinitum,
1101 1299 1270 1364 nunquam
1280 1283 1324 1346 sit
1334 1283 1367 1344 iu
1384 1285 1448 1366 ejus

366 1369 490 1444 lavore,
506 1369 567 1432 nisi
584 1367 659 1430 Deo
671 1367 816 1430 satisfiat.
851 1365 976 1430 Verum
991 1365 1143 1430 dubitare
1152 1367 1226 1448 quis
1240 1372 1362 1462 posset,
1378 1387 1446 1450 pec·

363 1455 604 1522 calummereri
620 1471 749 1536 prunam
759 1450 921 1516 infinitam
931 1450 1039 1534 quoad
1055 1449 1187 1534 gradus.
1223 1451 1250 1514 1..
1270 1451 1359 1518 Quia
1373 1457 1444 1516 crlm

364 1537 465 1600 homo
480 1541 523 1606 sit
537 1544 691 1602 creatura
705 1537 808 1612 linita,
829 1555 897 1599 non
912 1537 1042 1600 videtur
1062 1555 1247 1618 congruum
1271 1539 1443 1602 comminu-

361 1625 486 1686 ti0nem
497 1623 559 1706 ipsi
567 1621 693 1686 iactam
705 1623 803 1684 luisse
813 1621 954 1704 alicujus
966 1641 1080 1705 poenre,
1095 1622 1190 1704 cujus
1201 1641 1268 1686 non
1279 1623 1322 1688 sit
1332 1641 1444 1706 capax.

361 1707 393 1771 2.
417 1707 505 1776 Quia
518 1709 544 1770 si
561 1707 660 1770 horno
685 1707 786 1770 talern
808 1724 939 1788 pmnarn
955 1713 1146 1785 mereretur,
1168 1725 1236 1770 non
1251 1713 1362 1790 posset
1376 1708 1444 1772 dari

361 1812 531 1878 prunarum
552 1793 766 1876 inequalitas,
786 1791 945 1874 siquidem
970 1791 1074 1867 Dens,
1105 1797 1144 1854 nt
1164 1791 1301 1874 justitie
1321 1793 1444 1856 satistu-

360 1887 461 1956 ceret,
483 1883 608 1942 tentam
635 1897 770 1962 punam.
790 1875 962 1960 indigeret,
983 1883 1140 1960 qnantum
1165 1883 1274 1960 posset
1291 1885 1443 1942 creatura

359 1967 430 2048 pati
444 1972 479 2028 et
493 1963 574 2027 nulli
587 1973 695 2028 essent
710 1961 842 2046 gradus.
886 1961 1051 2046 Quicquid
1067 1961 1119 2039 sit,
1141 1979 1269 2046 ponam
1283 1962 1447 2028 infinitam

360 2067 479 2198 1110Χῐῖῐῐι.
492 2052 884 2217 Ρὸξξὲἓιῗῑιοίθῖιῐοῖἳιῗιξξ
900 2153 1029 2217 semper
1043 2137 1209 2197 mereatur
1223 2152 1363 2218 punam,
1383 2155 1442 2220 po

243 2218 246 2234 ⁴
356 2223 421 2282 test
435 2225 545 2282 tannen
561 2237 628 2282 non
644 2219 673 2280 ei
686 2218 818 2298 subjici,
839 2220 866 2280 si
881 2219 1007 2283 scilicet
1030 2219 1149 2302 uliquis
1170 2237 1309 2303 sponsor
1322 2221 1358 2285 in
1373 2221 1441 2304 ejus

357 2303 431 2368 loco
442 2301 622 2368 satisfaciat
632 2303 768 2383 J'ustitioe
780 2300 909 2380 dlvinre,
930 2304 1008 2368 hinc
1023 2305 1152 2368 nullam
1165 2323 1236 2368 essa
1250 2305 1439 2370 condemna·

355 2392 475 2476 tionem
501 2387 582 2452 dicit
609 2387 730 2452 Paulus
755 2387 853 2452 Rom.
869 2390 936 2452 viii.
956 2391 984 2464 l,
1011 2391 1058 2454 iis
1076 2391 1135 2471 qui
1152 2393 1232 2454 eunt
1244 2393 1282 2456 in
1299 2391 1437 2472 chroro,

356 2475 434 2559 quia
447 2473 573 2538 scilicet
588 2491 648 2536 nos
662 2473 705 2537 ab
719 2491 759 2536 ea
774 2471 924 2538 Christus
940 2480 1046 2538 morte
1061 2473 1120 2538 sui
1134 2475 1297 2541 liberavit

399 2559 498 2624 XIII.
514 2557 634 2626 Quoad
647 2561 815 2626 maculam
825 2562 954 2644 peccati
964 2559 1087 2626 eluitur
1099 2559 1214 2628 Sancti
1223 2561 1368 2648 Spiritus
1381 2585 1438 2630 nos

354 2641 587 2710 sanctificantis
602 2641 758 2710 emouere.

784 2827 995 2842 -u--d————

770 2977 924 3042 CAPUT
947 2975 1015 3045 lv..

389 3169 1396 3251 Dsnffeeruercomqrerrtumprtmpoeersuprtnufmimr.
1475 3253 1476 3271 Χ

391 3328 418 3391 Ι.
442 3329 499 3392 Ds
521 3331 650 3414 peccati
665 3331 789 3394 effectIs
804 3333 837 3394 in
852 3349 973 3413 genere
987 3330 1141 3410 diximus,
1162 3331 1205 3398 de
1219 3337 1351 3418 pseusti
1367 3337 1434 3420 pri-

344 3413 392 3476 nri
415 3415 586 3478 effectibus
611 3416 776 3496 elgillatirn
803 3415 1001 3494 dicendum
1032 3423 1071 3480 ut
1092 3419 1180 3482 enirn
1203 3422 1434 3502 gravissimum

346 3497 410 3562 tuit
433 3518 612 3583 prrmorum
638 3507 811 3584 parentum
835 3503 1272 3587 peccatum,itapessi1nos
1295 3505 1438 3572 effectus

347 3589 422 3666 post
437 3603 471 3646 se
487 3587 597 3646 traxit.
645 3586 671 3648 l.
694 3585 886 3650 Amiserunt
908 3593 1060 3670 parentes
1081 3591 1185 3652 nostri
1200 3608 1295 3654 snam
1309 3594 1434 3657 sancti

344 3673 446 3733 tutem
462 3677 562 3750 utque
573 3670 747 3751 justitiam,
768 3691 809 3736 ac
824 3673 991 3754 perierunt
1004 3675 1176 3758 precipue
1191 3683 1302 3758 partes
1314 3679 1433 3762 imagi-

343 3756 394 3818 nis
406 3755 488 3830 Dei3
508 3773 569 3818 nec
585 3757 672 3818 eninr
688 3759 878 3839 totaimugo
891 3757 954 3822 Dei
970 3759 1081 3842 periit:
1104 3767 1296 3826 manserunt
1306 3767 1432 3848 qqupe

343 3840 492 3922 quiedam
509 3839 652 3922 reliquie
676 3841 815 3908 infelicis
830 3843 993 3928 naufragii
1018 3843 1137 3910 tabule
1151 3852 1186 3910 et
1204 3846 1337 3925 rudera,
1360 3869 1431 3934 qum
1472 3861 1473 3920 1

342 3923 438 3988 Deus
463 3945 631 4008 superesse
656 3929 770 4006 voluit,
801 3935 872 3992 turn
899 3937 937 3994 ut
960 3949 1002 3993 ex
1026 3929 1090 3994 illis
1114 3933 1249 4016 integre
1274 3935 1430 4018 imaginis

341 4014 531 4092 prestantis
555 4019 800 4095 agnosceretur,
826 4021 896 4080 turn
920 4035 962 4079 ne
988 4015 1131 4080 mundns
1154 4019 1188 4080 in
1214 4017 1428 4086 latrocinium

340 4093 456 4172 abiret,
477 4105 549 4160 turn
567 4107 603 4162 ut
619 4099 737 4164 exiliis
754 4101 993 4166 ruinisnovum
1015 4107 1221 4168 construeret
1239 4103 1427 4170 edificium.

339 4177 371 4241 2.
395 4179 491 4246 Hunc
504 4185 712 4250 amissionem
727 4193 841 4250 secuta
855 4193 905 4250 est
923 4189 1114 4254 universafis
1137 4187 1337 4256 facultatum
1355 4211 1426 4258 cor·

337 4265 460 4346 ruptio,
480 4285 521 4330 ao
546 4289 718 4352 perversus
732 4274 783 4338 rui
797 4277 832 4337 et
852 4277 1078 4342 creaturarum
1102 4293 1206 4356 amor,
1227 4275 1285 4360 qui
1307 4277 1428 4346 illicita
