2994 4996
364 503 424 569 lat
677 509 880 564 uusonooru
902 450 1145 562 crrrrrsrrsurr.¹
1297 493 1435 583 [Liui.

357 673 525 758 apostolos
541 671 639 754 longe
654 669 870 734 verosimilius
886 667 980 732 nobis
996 667 1143 744 ridetur;
1165 663 1220 730 sed
1233 665 1441 730 concedimus

360 763 468 822 varias
493 778 587 843 posse
612 777 682 821 esse
706 758 776 839 ejus
803 757 930 838 peccati
957 758 1091 837 species.
1139 754 1311 817 Circdirous
1336 759 1441 826 icitur,

357 843 441 908 illud
463 851 638 927 peccatum
655 861 721 905 non
746 845 767 905 d
793 842 962 904 Pharisaeis
985 843 1112 903 tontrlrn
1138 841 1358 924 commissum,
1390 837 1443 900 sed

360 933 542 992 etiamnum
560 927 657 991 hodie
673 927 794 991 multos
810 930 842 988 in
865 923 946 988 illud
964 923 1093 1001 cadere,
1116 925 1208 986 molti
1227 929 1312 984 enirn
1333 925 1443 984 rotun·

359 1017 603 1098 roriepecosnt,
619 1021 693 1096 post
703 1015 869 1094 cognitam
883 1013 1063 1086 veritatem,
1079 1031 1119 1073 oc
1132 1011 1304 1093 prot'anrrrn
1319 1008 1443 1070 ducunt

358 1104 553 1182 sanguinem
576 1098 711 1174 Christi,
733 1117 806 1180 ques
828 1105 878 1160 est
893 1095 1069 1178 descriptio
1094 1099 1221 1178 peccati
1237 1097 1268 1155 in
1287 1097 1340 1174 Spr
1350 1099 1442 1155 ritum

359 1187 517 1248 sanetum
532 1187 553 1248 u
569 1183 674 1248 Paulo
693 1185 854 1246 instituta.
900 1181 1122 1243 confirmatur
1149 1182 1208 1242 boc
1226 1199 1265 1241 ex
1283 1202 1333 1240 eo.
1357 1178 1443 1261 quud

357 1272 449 1335 istud
474 1275 659 1354 peccatum,
681 1275 719 1331 ut
735 1271 881 1331 omnium
901 1269 1139 1348 gravissimum,
1163 1275 1381 1346 proponrtor;
1412 1269 1444 1326 at

309 1363 314 1374 “
359 1364 486 1419 certum
497 1361 556 1432 est,
571 1361 745 1438 peccatum
758 1351 1031 1427 Christianorum,
1047 1355 1104 1434 qui
1118 1355 1286 1413 veritatem
1300 1353 1443 1429 agnitam

360 1441 538 1522 abnegant,
560 1439 637 1501 odio
656 1439 787 1512 babent,
806 1441 1046 1512 contemnunt,
1058 1443 1091 1500 et
1109 1445 1355 1518 persequuntur,
1379 1453 1444 1497 esse

358 1529 493 1607 gravius
520 1531 658 1606 peccato
686 1523 935 1595 Pharisreorum,
957 1524 1013 1604 qui
1043 1521 1155 1583 multrs
1181 1519 1388 1602 prejudiciis,
1408 1539 1445 1582 ac

361 1607 465 1674 livore
490 1628 550 1671 suo
574 1615 607 1671 et
632 1605 754 1671 inridit
778 1609 945 1680 excecati,
968 1605 1010 1669 de
1032 1607 1198 1668 miraculis
1215 1607 1335 1668 Christi
1365 1607 1448 1666 mole

357 1693 576 1778 judicabaut3
598 1710 639 1756 ac
653 1693 751 1774 longe
768 1695 870 1774 magis
885 1709 1034 1774 peccare,
1056 1693 1109 1774 qui
1127 1691 1235 1754 denud
1250 1689 1446 1772 crucifigunt

363 1779 546 1853 Christum,
562 1795 660 1860 quem
677 1783 884 1924 ainoverunt
901 1783 937 1837 ut
954 1795 1064 1837 rerum
1084 1775 1251 1850 Messium,
1268 1778 1366 1855 quim
1383 1781 1447 1850 e'os,

361 1869 419 1947 qui
437 1866 542 1948 primb
557 1865 684 1926 crucia
719 1869 840 1924 xerunt
855 1880 943 1934 eum,
966 1879 1061 1942 quem
1081 1879 1139 1942 pro
1156 1864 1331 1941 impostore
1351 1861 1444 1923 babe-

361 1951 452 2014 baut.
500 1949 571 2010 lrno
586 1947 808 2022 observamus,
824 1947 973 2030 quamvis
985 1958 1110 2008 certum
1128 1949 1179 2020 sit,
1193 1944 1447 2030 precipue-illud

363 2041 539 2117 peccatum
556 2035 719 2095 committi
741 2033 801 2094 sob
817 2029 1000 2094 mconomit
1016 2029 1111 2106 nort,
1134 2035 1211 2114 quia
1226 2033 1320 2111 longe
1334 2033 1448 2113 copio·
1487 2087 1488 2092 ,

361 2121 427 2182 sius
440 2119 551 2182 lumen
562 2117 700 2198 affulget
711 2117 907 2192 bominibus,
924 2120 1069 2200 potuisse
1080 2127 1190 2179 tomen
1202 2117 1311 2180 locum
1327 2115 1449 2179 babere
1487 2143 1488 2204 3

364 2203 426 2266 sub
443 2201 566 2264 Vetere
581 2201 795 2264 Testamento
817 2199 856 2263 in
872 2204 922 2277 iis,
945 2205 999 2286 qui
1016 2203 1199 2265 doctrinam
1224 2202 1327 2266 blosis
1342 2221 1449 2286 asper·
1487 2231 1488 2270 r

363 2289 539 2360 nubantur,
561 2293 594 2348 et
610 2285 783 2348 obfirmato
798 2287 908 2348 animo
925 2288 1160 2372 cou'spuebunt.
1243 2293 1246 2298 '

409 2371 487 2436 Vll.
513 2371 606 2435 istud
623 2379 797 2456 peccatum
814 2371 935 2435 dicitnr
956 2373 1185 2438 monueritis
1195 2393 1212 2447 ,'
1230 2393 1294 2436 non
1308 2375 1449 2439 renuu-

364 2465 431 2535 ίαν,
446 2459 554 2540 inquit
571 2457 734 2533 Christus,
749 2475 809 2520 nec
822 2459 860 2520 in
874 2457 934 2521 boc
948 2459 1066 2536 secum,
1080 2478 1138 2522 osc
1148 2460 1186 2521 io
1195 2458 1328 2542 futuro,
1353 2459 1387 2522 id
1403 2465 1450 2522 est

364 2561 824 2710 ttutirrlitlllmn
844 2541 996 2712 illi
1013 2541 1450 2700 {littiz'ittftiil

365 2733 433 2777 nou
450 2721 585 2798 possunt
603 2713 649 2777 illi
665 2715 817 2778 revocari
831 2716 1128 2796 superruentium.
1174 2713 1205 2777 2.
1227 2715 1367 2778 lustitia
1388 2715 1451 2778 Dei

365 2817 432 2862 uon
450 2801 573 2882 potitur
588 2801 763 2861 utveniam
780 2805 1034 2880 consequantur.
1080 2797 1144 2863 ch
1160 2801 1220 2862 siri
1237 2799 1326 2864 docti
1344 2801 1453 2863 obser·

365 2891 458 2959 rant,
482 2882 602 2946 dixisse
618 2883 803 2965 apostolum
818 2887 977 2968 amarigus
991 2887 1101 2948 activa
1115 2905 1219 2962 roce3
1240 2893 1277 2948 ut
1291 2886 1453 2968 signitica-

364 2975 417 3036 ret
438 2967 732 3050 impossibilitatem
757 2969 847 3032 illam
867 2989 933 3032 uon
950 2970 1069 3032 debere
1095 2971 1204 3034 rel'erri
1227 2971 1269 3034 ad
1292 2973 1453 3034 malitiam

367 3055 457 3118 iilam
476 3073 583 3137 perse
599 3053 884 3131 inemendabilem,
906 3075 978 3138 quse
994 3057 1027 3118 in
1052 3056 1307 3132 bominibusest,
1330 3057 1391 3120 sed
1413 3055 1454 3118 ad

367 3141 479 3205 Deum
505 3141 624 3222 ipsum,
647 3141 716 3224 qui,
738 3151 776 3202 ut
800 3159 873 3202 eam
898 3141 932 3203 iu
958 3143 1026 3203 istis
1043 3141 1229 3204 bominibus
1252 3145 1403 3226 corrigat
1424 3145 1457 3205 et

367 3223 531 3310 emendet,
553 3227 573 3286 l
587 3244 622 3287 se
638 3227 812 3307 impetrare
828 3227 951 3308 nequit.
995 3225 1060 3294 Qui
1086 3230 1186 3309 patris
1201 3227 1289 3308 leges
1304 3222 1455 3302 violavit,

366 3309 548 3372 remedium
575 3312 717 3392 reperire
740 3315 849 3392 potest
864 3312 897 3372 is
921 3311 1143 3375 satisfactione
1163 3311 1249 3375 Filii.
1293 3313 1363 3380 Qui
1381 3313 1457 3376 Filii

366 3411 539 3476 personam
566 3412 624 3476 per
638 3393 901 3457 incredulitatem
918 3399 952 3458 et
966 3398 1184 3478 ignorantiam
1202 3397 1294 3472 laesit,
1315 3399 1367 3461 illi
1385 3417 1457 3482 spes

365 3479 477 3563 eliqua
491 3484 640 3560 superest
655 3481 687 3540 in
704 3477 810 3560 gratld
821 3479 971 3562 Spiritus,
994 3483 1047 3565 qui
1064 3489 1172 3564 potest
1186 3483 1256 3565 eJ'us
1272 3485 1458 3565 ignoranti·

364 3582 419 3628 um
436 3563 620 3646 dispellere,
641 3571 675 3626 et
690 3564 954 3628 incredulitatem
971 3569 1113 3630 sineere.
1157 3567 1203 3630 Ar
1219 3569 1276 3651 qui
1292 3569 1458 3652 Spiritum

365 3645 570 3795 contrpmelii
584 3646 696 3724 afficit,
718 3649 846 3712 nullum
871 3649 1008 3713 ulterius
1023 3661 1200 3736 expectare
1214 3661 1325 3736 potest
1341 3657 1456 3738 gratie

367 3751 456 3797 reme
481 3751 558 3796 rum.

408 3817 509 3882 v111.
534 3817 711 3881 Peccatum
731 3817 818 3882 istud
844 3821 972 3904 nemini,
989 3829 1112 3885 temere
1127 3829 1176 3885 est
1191 3824 1457 3907 impingendum,

362 3923 425 3968 nec
450 3903 590 3987 quilibet
613 3907 725 3966 statim
749 3903 791 3966 de
816 3925 856 3967 eo
882 3907 1098 3970 accusandus.
1145 3907 1286 3970 Nande
1311 3911 1458 3977 Juliono

367 3991 503 4060 Gaesoro
517 3995 659 4064 constat,
673 4007 715 4051 un
733 4007 874 4073 unquam
891 3989 933 4054 de
950 3996 1087 4054 veritate
1103 3993 1262 4074 evangelii
1278 4001 1458 4061 convictos

363 4074 475 4150 tuerit,
506 4077 572 4137 imo
598 4075 800 4137 contrarium
825 4077 933 4157 potiris
959 4075 1108 4152 videtur;
1141 4079 1247 4140 multb
1273 4083 1389 4145 minus
1418 4079 1458 4145 de

365 4156 543 4222 Francisco
557 4159 670 4242 Spiera
682 4159 871 4236 dicendum,
886 4165 1004 4224 eumin
1019 4163 1081 4225 boc
1097 4165 1248 4226 incidisse
1263 4177 1457 4246 peccatum.

411 4243 469 4305 lX.
495 4245 628 4306 interim
652 4251 689 4306 ot
713 4263 810 4308 nemo
833 4253 968 4328 repente
982 4247 1019 4310 fit
1037 4251 1254 4332 turpissimus,
1276 4255 1460 4336 unusquis·

363 4345 426 4414 que
441 4335 575 4391 tenetur
588 4334 686 4392 atrox
700 4329 783 4394 illuri
800 4331 971 4414 peccatum
989 4331 1165 4416 declinare,
1185 4349 1226 4398 ac
1240 4337 1397 4404 studiose
1413 4341 1460 4402 si·
1485 4409 1486 4412 Ἴ
