3032 4998
334 460 381 526 42
458 503 460 506 -
586 431 590 440 ’
659 473 862 524 nunonoors
884 471 1109 524 cunrsrrrus.
1293 453 1386 543 laih.
1407 453 1442 520 l.

343 633 371 698 l.
395 624 696 696 Adviudicandam
711 625 885 694 veritatem
900 629 1058 696 adversus
1073 649 1141 707 eos,
1162 628 1220 712 qui
1236 627 1442 692 revelation·

342 737 395 782 ern
411 737 542 780 ornnem
558 735 738 799 agnoscere
753 715 952 794 detrectant,
974 723 1032 780 aut
1046 717 1204 782 adversus
1219 734 1287 790 eos,
1309 715 1369 796 qui
1386 733 1442 778 re·

336 803 537 868 velationem
553 801 685 886 quidem
697 800 890 878 admittunt,
912 803 969 866 sed
983 805 1142 886 perversis
1153 799 1440 882 interpretationi·

339 889 401 954 bus
413 907 624 974 corrumpere
639 893 781 951 tentant.
824 889 856 950 2.
878 887 932 951 Ad
954 888 1149 952 illustranda
1164 889 1324 972 mysteria
1339 885 1440 947 theo·

338 975 460 1058 logica,
481 976 696 1058 comportatis
711 993 787 1036 eum
804 975 837 1036 in
854 971 951 1036 finem
968 973 1120 1038 omuibus
1136 973 1185 1049 iis,
1206 991 1276 1055 quen
1288 990 1331 1034 ex
1348 970 1438 1034 libro

338 1069 476 1137 natura,
499 1057 748 1124 humanioribus
760 1059 877 1134 literis,
901 1059 1111 1123 historiarum
1124 1059 1359 1134 monumentis,
1369 1055 1439 1118 dis·

266 1184 269 1192 ·
337 1145 469 1228 cipliuis
485 1145 721 1230 philosophicis
736 1151 770 1207 et
784 1142 995 1230 philologieis
1012 1145 1123 1208 haberi
1136 1151 1284 1226 possunt.
1328 1144 1358 1208 3.
1377 1141 1409 1206 A

338 1233 593 1316 consequentias
615 1229 806 1305 nectendas,
833 1249 1012 1314 earumque
1033 1233 1207 1294 veritatem
1234 1227 1437 1310 dignoscen-

338 1315 427 1380 dam.
470 1317 502 1378 4.
520 1315 575 1381 Ad
590 1315 792 1380 conferenda
804 1319 1043 1398 consequentia
1058 1335 1132 1378 cum
1146 1312 1438 1390 antecedentibus,

337 1405 506 1466 versiones
532 1419 609 1465 curn
637 1401 796 1476 lontibus,
819 1401 942 1484 placita
967 1401 1142 1464 doctorum
1171 1399 1329 1464 Ecclesiae
1355 1419 1438 1466 cum

340 1487 524 1572 Scriptura,
539 1485 1098 1568 etaddistinguendalalsudeeris,
1121 1485 1298 1568 legitimari
1310 1483 1436 1550 nothis.

382 1571 482 1636 Vlll.
516 1571 587 1636 Irnd
612 1571 837 1648 observamus,
871 1569 1046 1636 Rationem
1070 1579 1105 1634 et
1126 1571 1251 1648 Fidem,
1281 1571 1437 1654 quamvis

338 1659 405 1722 siut
426 1653 546 1721 diversi
564 1657 708 1732 ordinis,
730 1675 797 1720 non
824 1677 893 1720 esse
920 1661 1099 1740 oppositus.
1146 1657 1243 1721 Unde
1268 1655 1438 1722 credimus

338 1741 421 1806 nihil
435 1763 517 1820 esse,
538 1762 581 1808 ne
596 1745 630 1806 in
646 1743 804 1824 religione
816 1743 960 1826 quidem,
976 1742 1219 1812 admittendum
1231 1739 1436 1826 quodrectoe

338 1831 459 1892 rationi
474 1835 649 1912 repugnet.
694 1827 854 1896 Quamvis
869 1831 954 1891 enirn
969 1829 1109 1892 multum
1121 1830 1275 1892 cecutiat
1286 1827 1434 1892 intellec·

341 1921 397 1977 tus
413 1915 590 1992 humanus,
612 1933 711 1977 nemo
726 1921 914 1991 esttamen,
931 1916 986 1998 qui
1002 1913 1140 1978 inficiari
1157 1916 1271 1998 possit,
1287 1912 1436 1976 residuas

340 2019 411 2064 esse
427 1999 587 2082 quasdam
604 1999 736 2062 luminis
751 2001 911 2062 naturalis
926 1999 1097 2076 scintillas,
1119 2005 1153 2064 et
1168 2002 1202 2062 in
1214 2020 1254 2064 eo
1265 2019 1335 2064 esse
1345 2001 1436 2082 prin·

337 2087 427 2168 cipia
441 2083 584 2148 induhiae
600 2087 758 2161 veritatis,
791 2105 863 2168 quse
881 2105 948 2148 non
971 2087 1078 2150 minus
1096 2087 1263 2168 ingratia,
1285 2086 1384 2170 quam
1399 2087 1437 2149 in

340 2177 471 2245 natura,
494 2175 587 2232 certa
602 2175 700 2246 sunt3
723 2169 812 2234 unde
835 2173 875 2232 iis
891 2173 1065 2256 sepissime
1079 2170 1160 2234 fides
1175 2172 1279 2238 utitur
1301 2170 1346 2234 ad
1360 2190 1436 2234 suo·

340 2271 415 2319 rum
426 2254 934 2340 dogmatumconhrmationem3
949 2255 1007 2319 scd
1018 2263 1170 2320 tuemur:
1206 2257 1235 2320 1.
1253 2255 1437 2322 Rationem

338 2361 407 2404 non
422 2359 530 2424 posse,
551 2339 745 2406 necdeherc
756 2360 799 2405 ex
814 2359 903 2424 penu
914 2361 974 2408 suo
986 2344 1146 2428 mysteria
1160 2346 1357 2425 proponere,
1373 2343 1436 2410 soli

310 2453 313 2461 ·
339 2429 428 2491 enirn
444 2427 622 2511 Scriptura
633 2425 698 2491 hoc
708 2428 765 2512 jus
779 2430 951 2511 competit.
994 2428 1026 2491 2.
1049 2427 1130 2492 Non
1146 2425 1346 2494 audiendam
1355 2447 1436 2496 esse

338 2515 514 2588 rationem,
536 2515 668 2597 quoties
682 2513 830 2599 queritur
854 2533 889 2576 se
905 2531 972 2577 non
988 2533 1084 2598 posse
1099 2515 1259 2600 mysteria
1280 2513 1357 2582 ndei
1378 2532 1435 2580 ca·

338 2615 437 2682 pere3
458 2601 535 2662 cdrn
550 2601 639 2663 enirn
663 2601 707 2663 sit
718 2599 826 2679 finita,
848 2618 916 2662 non
941 2602 1062 2664 mirum
1085 2608 1146 2676 est,
1169 2602 1196 2662 si
1220 2599 1336 2676 mulla,
1358 2619 1433 2682 quas

337 2683 381 2746 de
395 2683 523 2748 inhnito
539 2683 709 2762 dicuntur,
731 2685 774 2750 ab
788 2683 860 2770 ipsi
874 2703 941 2748 non
953 2687 1140 2770 capiantur,
1155 2691 1191 2750 et
1201 2684 1287 2750 velle
1297 2686 1435 2768 rejicere

338 2771 546 2853 mysterium,
568 2771 648 2854 quia
671 2771 691 2831 d
717 2773 845 2835 ratione
867 2773 941 2854 capi
966 2791 1033 2834 non
1059 2778 1180 2854 potest,
1202 2777 1253 2836 est
1277 2766 1435 2836 adversus

338 2857 442 2936 ipsam
459 2857 621 2932 rationem
636 2873 787 2936 peccare,
809 2876 849 2920 eo
870 2858 967 2918 sensu
982 2855 1104 2920 dicitnr
1118 2857 1330 2940 captivando
1343 2860 1435 2922 rotie

337 2941 360 3003 2
374 2937 451 3003 Cor.
462 2957 495 3004 x.
505 2941 537 3006 6.
580 2943 612 3004 a.
630 2939 702 3004 Nec
714 2945 814 3005 etiam
825 2939 1036 3018 audiendam,
1051 2945 1183 3026 quoties
1195 2943 1255 3006 sub
1268 2949 1433 3028 pretextu

341 3027 575 3111 mysteriorum
590 3025 678 3104 fidei,
700 3029 851 3112 proprios
866 3047 993 3092 errores
1004 3027 1078 3092 uult
1092 3029 1250 3093 stabilire.
1307 3085 1310 3096 .
1388 3032 1399 3091 ⁴.

382 3112 444 3176 IX.
469 3111 647 3176 Rationem
658 3115 769 3198 itaque
780 3133 848 3177 non
859 3129 929 3178 csse
941 3115 1138 3198 principium
1151 3113 1226 3178 lidci
1238 3119 1272 3178 et
1283 3114 1432 3198 regulam

339 3203 468 3262 certum
483 3203 554 3276 est;
576 3201 728 3280 quamvis
744 3200 878 3262 maximi
895 3203 938 3262 sit
963 3219 1052 3264 usus.
1099 3199 1182 3264 lude
1205 3205 1320 3266 autem
1340 3201 1433 3266 culli·

338 3283 429 3360 gitur
454 3281 601 3364 regulam
622 3285 723 3348 etiarn
740 3285 806 3350 dici
832 3301 900 3347 non
927 3305 1023 3366 posse
1038 3283 1281 3370 philosophiam
1296 3291 1435 3370 propter

338 3365 472 3430 easdam
488 3369 654 3446 mtiones;
676 3371 826 3452 quamvis
847 3371 967 3432 iterum
986 3370 1208 3435 concedamus
1230 3391 1297 3436 non
1314 3375 1432 3456 parum

341 3453 453 3516 utilem
464 3470 545 3530 esse,
562 3452 663 3517 modo
674 3457 764 3517 circa
778 3455 936 3518 articulos
944 3454 1021 3518 fidel
1034 3458 1260 3540 magisterium
1272 3457 1333 3522 sihi
1343 3477 1431 3524 ιιιειι·

340 3557 430 3602 mere
442 3557 512 3602 non
529 3545 655 3602 tentet:
678 3558 758 3603 vera
781 3540 915 3622 quidem
932 3541 1141 3626 philosophia
1158 3543 1337 3626 plurimum
1352 3563 1434 3614 cou·.

338 3623 414 3700 lert,
436 3631 507 3687 turn
523 3623 567 3686 ad
581 3623 828 3690 convincendos
844 3625 1004 3702 homines,
1026 3633 1098 3692 tum
1114 3625 1157 3690 ad
1172 3631 1432 3696 eorum-animos

338 3709 588 3796 preparandos3
611 3716 646 3774 et
656 3713 758 3775 mirus
773 3718 823 3774 est
838 3729 925 3775 sane
937 3713 1153 3798 philosophie
1169 3735 1247 3780 curn
1262 3715 1433 3799 theologia

337 3814 539 3873 consensus;
561 3797 685 3882 quippe
700 3815 816 3861 verum
833 3801 911 3862 velo
937 3818 1005 3862 non
1031 3808 1207 3885 repugnat,
1229 3821 1292 3866 nec
1318 3801 1430 3868 lumen

337 3881 454 3946 lumini
469 3881 683 3960 adversatur3
704 3901 813 3968 neque
827 3901 944 3969 parum
960 3903 1053 3949 mens
1068 3891 1183 3952 nostra
1206 3887 1432 3971 confirmatur,

294 3979 300 3992 ·
339 3985 442 4050 quum
458 3967 548 4032 videt
564 3971 653 4033 circa
668 3987 730 4046 res,
755 3989 829 4054 ques
841 3969 1012 4036 credendes
1029 3979 1271 4056 proponuntur,
1293 3991 1432 4040 causen-

340 4055 403 4115 tire
418 4053 661 4138 philosophiam
676 4075 752 4120 cum
768 4057 949 4140 theologia.
994 4051 1121 4123 Verum
1139 4057 1230 4126 haud
1240 4057 1431 4126 existiman·

339 4135 428 4284 md
439 4155 514 4283 eadm
542 4161 612 4206 esse
627 4161 789 4222 normam,
811 4141 854 4206 ad
876 4161 978 4228 quam
994 4143 1171 4232 Scripturas
1186 4165 1301 4212 seusus
1317 4149 1360 4214 sil
1374 4167 1430 4239 ex·

338 4239 403 4306 pen
430 4241 469 4286 en
497 4243 546 4286 us.
1505 4259 1506 4262 =

383 4307 426 4372 X.
450 4307 543 4373 idem
556 4307 735 4377 dicendum
752 4311 794 4378 de
811 4311 969 4381 Ecclesia
984 4319 1185 4397 testimonio,
1207 4315 1249 4382 dc
1269 4304 1436 4402 patribus,
