2994 4996
350 465 414 536 111
642 471 850 528 runconere
868 471 1094 526 cucurrere.
1214 421 1222 432 ⁹
1287 453 1377 542 [nu.
1392 457 1450 521 v.

347 632 533 704 infantibus
555 629 799 708 administrato,
822 635 964 714 utroque
979 627 1087 712 sigillo
1097 627 1236 708 ,institia
1252 625 1328 693 atu
1339 633 1381 694 et
1396 647 1455 692 re-

350 721 519 870 missionils
533 719 673 803 peccati,
695 737 762 783 non
790 721 880 782 certe
907 715 1055 780 ootuotic
1078 715 1113 804 in
1138 713 1332 791 infantibus,
1365 734 1453 798 ergo

253 851 256 860 ·
347 829 403 874 ort
431 825 490 869 tna
505 824 546 867 28·
1482 837 1483 870 ἴ

396 828 495 956 3111.
518 889 699 972 Septimum
712 888 755 952 ab
771 889 842 972 ipsa
856 889 1073 970 experientia,
1094 906 1165 971 qure
1180 885 1286 949 latens
1301 881 1383 950 illud
1402 887 1458 949 vi·

351 981 437 1045 tium
451 981 485 1042 in
501 975 683 1040 infantibus
698 976 775 1058 ipsis
790 993 859 1037 esse
874 973 984 1036 docet.
1029 973 1129 1038 Unde
1141 974 1227 1036 enim
1240 970 1277 1034 lit
1290 980 1326 1034 nt
1336 974 1371 1034 iu
1389 992 1460 1054 pu-
1483 1016 1484 1074 ,

350 1069 417 1130 eris
433 1065 514 1128 vitia
528 1065 639 1126 statim
665 1079 743 1124 cum
762 1062 902 1134 ratione,
924 1061 990 1122 imd
1004 1060 1105 1122 etiam
1129 1065 1207 1122 ante
1228 1061 1390 1138 rationem
1419 1078 1459 1122 se
1483 1121 1484 1126 ,

354 1157 505 1222 exerant,
520 1155 554 1212 et
569 1147 661 1210 nullo
673 1145 806 1210 volente
818 1149 866 1208 ita
877 1143 1054 1228 pullulent,
1070 1151 1108 1208 ut
1120 1147 1176 1208 rix
1192 1141 1459 1224 diligentissimis

353 1227 1458 1386 t‘tdtinuit„zwettluttttlttlz{illitu
1484 1310 1485 1340 r

353 1335 1459 1573 inninurrrlrrnlrrnnin

355 1578 401 1640 cd
417 1581 454 1640 in
470 1582 579 1640 vitum
594 1577 659 1652 edi,
683 1593 817 1656 corpore
836 1575 936 1648 nodo,
947 1574 1084 1657 flagiti
1104 1579 1136 1638 et
1155 1569 1305 1653 infinum
1328 1573 1459 1636 anima
1485 1604 1486 1622 ,

360 1673 472 1726 autem
492 1663 540 1726 od
559 1661 730 1726 numatius
744 1661 861 1736 uncio,
882 1661 928 1722 od
943 1662 1078 1722 timores
1092 1657 1223 1732 tumui,
1249 1659 1295 1720 od
1320 1657 1459 1722 totam

359 1750 464 1822 molli,
491 1749 537 1810 od
552 1747 708 1812 libidines
719 1741 836 1830 proteo,
862 1747 976 1828 inquo
991 1745 1131 1809 divinus
1147 1744 1241 1828 ignia
1255 1744 1300 1808 cit
1315 1743 1460 1808 obrutm

359 1837 737 2001 wigilucliqffirieluit
751 1917 916 1982 sententia
931 1933 1016 1991 sana
1027 1914 1247 1996 antiquitatis,
1268 1919 1306 1978 nt
1320 1933 1364 1976 ex
1381 1934 1461 1996 pro·

360 2005 436 2067 latis
465 2003 599 2076 Irencei,
635 2002 813 2086 Cypriani,
843 2000 992 2076 Hilarii,
1027 2001 1197 2084 Gregorii,
1226 1999 1461 2076 Noenum,

360 2087 504 2162 Bocilii,
528 2087 708 2162 Ambrosii,
732 2085 938 2170 Hieronymi,
960 2089 1022 2150 tto.
1034 2088 1205 2150 sententiis
1220 2093 1336 2148 contra
1350 2085 1463 2148 lulia-

358 2191 444 2238 num
467 2173 569 2236 evicit
591 2171 819 2256 Augustinus,
842 2179 876 2234 et
900 2178 937 2233 ut
963 2177 1078 2234 contra
1094 2170 1277 2252 Pelagium,
1297 2189 1338 2234 ac
1355 2171 1463 2246 Semi·

361 2259 554 2342 pelagianos
581 2255 803 2320 defenderunt
831 2254 984 2318 Concilio
1013 2255 1250 2332 Panaenum,
1282 2255 1461 2322 Minuitu-

361 2361 453 2418 num,
481 2339 677 2406 Tolcionum
693 2357 742 2406 v1.
761 2339 1026 2422 Arousiconunt,
1045 2343 1108 2406 duo.
1369 2407 1375 2418 ,

406 2427 449 2492 X.
468 2423 632 2514 Equidem
647 2424 721 2492 Lex
737 2432 912 2510 peccatum
928 2425 1089 2508 originale
1109 2445 1177 2490 non
1193 2431 1297 2506 relat,
1315 2427 1378 2492 sad
1392 2448 1461 2492 non

365 2515 486 2592 mirum
502 2519 565 2588 cst,
586 2515 666 2596 quia
681 2511 736 2577 lex
751 2514 911 2596 supponit
925 2511 1093 2578 hominem
1110 2519 1272 2580 sanctum.

408 2599 472 2666 XI.
496 2597 674 2682 Post-quam
691 2597 904 2680 probavimus
920 2605 1094 2680 peccatum
1111 2600 1272 2679 originale
1286 2619 1370 2674 ease,
1388 2601 1461 2682 jam

360 2685 437 2768 ejus
449 2689 570 2748 natura
583 2683 821 2766 investiganda.
867 2683 914 2746 Ut
928 2683 1016 2748 clare
1027 2683 1109 2749 illud
1122 2683 1313 2760 doceamus,
1328 2686 1462 2762 duabus

363 2767 645 2855 propositionibus
668 2771 867 2834 sententiam
892 2775 1037 2832 nostram
1062 2772 1270 2852 exponimus.
1326 2773 1354 2836 l.
1379 2775 1462 2839 Pec-

363 2861 479 2920 catum
495 2853 657 2936 originale
668 2872 734 2916 non
747 2855 846 2916 situm
862 2855 954 2918 estin
967 2857 1038 2935 ipsa
1053 2855 1244 2920 subeuntia
1258 2858 1378 2924 anima·
1387 2878 1462 2922 cor·

367 2942 534 3024 raptione.
579 2939 649 3020 (l.)
672 2937 760 3008 Quia
775 2941 881 3004 omnis
899 2939 1092 3004 substantia
1113 2949 1229 3006 creata
1253 2945 1347 3014 estd
1374 2945 1461 3008 Deo.

362 3025 435 3107 (2)
448 3025 534 3093 Quia
546 3024 718 3108 Scriptura
728 3024 1060 3128 distinguitnnaturam
1072 3033 1274 3127 nostramet
1284 3039 1462 3111 peccatum

366 3111 1464 3280 tull?tlt,tittlnnttttnfftt„ttlsttt

370 3301 442 3346 ram
458 3289 615 3346 nostram.
656 3282 728 3363 (4.)
749 3281 838 3352 Quia
853 3285 900 3346 sic
914 3289 1105 3366 sequeretur
1122 3285 1287 3348 hominem
1301 3305 1361 3368 per
1372 3307 1463 3350 sanc·

370 3367 599 3445 tifioationem,
621 3367 722 3430 alium
752 3388 822 3431 esse
847 3369 959 3450 quoad
981 3373 1171 3446 essentiam,
1192 3371 1235 3440 ab
1261 3377 1371 3454 coqui
1396 3381 1464 3434 erat

366 3459 481 3516 antea.
540 3453 570 3516 2.
595 3454 775 3518 Peccatum
799 3453 960 3535 originale
985 3473 1052 3520 non
1079 3454 1161 3520 dicit
1184 3459 1313 3520 tantum
1342 3477 1461 3522 meram

242 3557 253 3576 ·
372 3541 566 3614 carentiam,
576 3542 644 3604 sire
654 3540 872 3620 privationem
881 3541 1208 3622 jrratiticeeriginalis;
1224 3543 1280 3606 sed
1293 3543 1362 3608 duo
1372 3544 1460 3616 dicit,

373 3631 409 3689 et
430 3625 658 3708 privationem
665 3625 818 3706 justitio
828 3627 1026 3708 originalia,
1048 3628 1378 3697 et-inordinutronern
1395 3631 1460 3692 uul-

372 3711 544 3784 versalem,
567 3729 639 3792 quse
655 3712 811 3773 successit
832 3711 865 3772 in
895 3711 1166 3794 locump'uaiitiae
1179 3714 1370 3796 originalia,
1393 3735 1459 3798 qua

373 3795 500 3860 homini
516 3794 631 3860 debuit
652 3797 777 3875 inesse,
799 3795 966 3863 detectum
982 3801 1149 3881 sapientia
1164 3801 1198 3862 in
1223 3807 1347 3878 mente,
1370 3803 1456 3862 recti·

374 3883 499 3946 tudinis
521 3883 554 3944 in
570 3881 758 3960 voluntate;
780 3884 963 3948 caecitatem
987 3901 1028 3946 ac
1053 3904 1196 3948 errorem
1224 3889 1258 3950 is
1281 3887 1458 3958 intellectu,

373 3975 474 4052 atque
487 3965 644 4032 malitiam
657 3970 690 4030 in
704 3967 886 4044 voluntate,
897 3972 1101 4035 aversionem
1112 3970 1155 4034 ab
1165 3979 1290 4050 aterno
1305 3981 1340 4034 et
1350 3975 1458 4039 immu-

374 4053 469 4118 tabili
486 4053 586 4128 bono,
607 4061 641 4120 et
657 4059 905 4138 conversionem
923 4055 965 4122 ad
982 4055 1117 4132 nedum,
1139 4063 1175 4122 et
1196 4057 1239 4125 ad
1257 4059 1345 4122 bona
1359 4067 1457 4134 muta·

375 4135 473 4202 bilia:
502 4140 760 4222 ineptitudinem
782 4141 826 4208 ad
852 4141 935 4206 bene
957 4142 1136 4226 agendum,
1156 4150 1190 4207 et
1213 4145 1458 4230 propensionem

371 4219 419 4284 ad
433 4223 516 4288 male
533 4225 733 4292 laciendum.

418 4307 500 4372 XII.
523 4309 613 4374 Illud
635 4316 742 4394 patet,
764 4315 837 4394 tum
866 4331 909 4378 ex
935 4334 976 4380 eo
996 4313 1092 4398 quod
1115 4315 1288 4400 Scriptura
1312 4311 1459 4384 describit
