3002 5000
29 447 156 540 Coma]
427 463 477 520 na
500 462 673 514 metuero.

448 717 603 782 CAPUT
626 718 672 788 11.

46 895 76 962 itt
90 910 140 970 quo
155 891 308 967 explicetur
323 891 458 968 Definitio
470 893 563 967 primo
586 893 724 958 meusim
739 894 873 970 duratque
887 895 1084 952 demonstratur

302 991 366 1033 cero
381 973 498 1038 mernhm
509 973 637 1040 Eximio
649 991 703 1030 erre
714 971 828 1034 Fueto:

69 1139 93 1202 1.
116 1137 280 1200 Dtxlttus
304 1125 493 1202 Ecclesiam‘
517 1157 587 1200 esre
615 1136 812 1204 Societatem
840 1142 1036 1222 religiosam
1056 1141 1110 1205 ho·

35 1227 149 1288 ruinam
163 1231 348 1297 eiecturum,
363 1226 548 1286 ministerio
563 1223 655 1287 verbi
669 1231 858 1288 vocatorum
873 1227 1051 1308 efficaciter
1073 1232 1110 1294 iu

36 1313 76 1372 iio
89 1313 243 1390 operante
256 1311 388 1392 optrito
401 1313 533 1373 Sancto.
570 1307 737 1371 Vocomns
752 1311 841 1372 ittam
871 1313 894 1372 Ι.
908 1305 1113 1390 Societatem,

35 1415 88 1458 neo
100 1415 184 1457 eorm
199 1393 401 1456 credendum
417 1413 513 1456 unam
528 1413 699 1475 personam
711 1399 911 1458 constituere
922 1398 1116 1476 Ecclesiam,

33 1499 89 1546 uec
104 1484 201 1543 etiam
220 1479 474 1542 existimandum
492 1480 601 1561 plures
618 1499 782 1562 personas,
798 1485 859 1544 uiri
875 1486 908 1546 in
924 1489 1116 1550 societatem

35 1567 226 1633 coalescant.
244 1586 337 1647 posse
347 1585 545 1646 componere
559 1565 751 1640 Ecclesiam,
770 1568 856 1630 unde
869 1583 1005 1632 vocatur
1021 1589 1118 1650 gron,

33 1655 89 1728 dc.
132 1652 162 1713 2.
187 1655 385 1714 socaetaom
406 1653 602 1734 retegiooom
615 1651 766 1724 dicimus,
785 1666 820 1715 ut
842 1656 1118 1736 distinguamusd

39 1739 243 1800 societatibus
266 1737 468 1801 naturalibus
489 1747 523 1798 et
537 1736 698 1812 civilibus,
723 1739 838 1819 quales
853 1749 929 1804 suut
944 1745 1119 1808 societates

40 1822 242 1896 familiarum,
261 1831 400 1900 urorum,
424 1823 678 1903 provinciarum,
700 1827 1028 1905 rerumpublicarum,
1043 1828 1121 1888 arti·

40 1911 334 1982 eminentiorum,
346 1909 639 1982 exercitationum
665 1908 814 1971 Ecclesia
830 1919 879 1971 est
894 1917 1034 1973 societas
1050 1929 1121 1994 per·

39 2013 184 2058 sonarum
201 1994 299 2069 simul
315 1996 568 2076 conjunctarum
591 1995 730 2056 vinculis
746 1997 963 2060 couscientia.
1008 1998 1038 2060 8.
1063 1999 1122 2060 So·

12 2139 13 2144 ,
42 2082 186 2142 cietatem
205 2099 363 2142 vocamus
381 2080 560 2160 religiosam
580 2079 748 2142 hominum
764 2087 954 2146 vocatorum
966 2102 1027 2162 por
1037 2087 1123 2146 miu-

42 2166 182 2230 uterium
208 2171 295 2232 uerti
316 2165 391 2236 Dei,
413 2163 455 2228 ad
483 2164 748 2244 distinguendum
771 2186 842 2230 eam
867 2170 888 2228 d
909 2169 1123 2233 societatibus

43 2255 211 2330 religiosis
225 2259 297 2314 roto
310 2255 445 2316 notorie
461 2267 549 2316 motu
558 2253 724 2333 jor-moue
735 2259 764 2313 ct
780 2255 1045 2320 contestantibus.
1091 2257 1123 2315 4.

45 2336 237 2402 Societatem
253 2359 325 2402 eam
342 2339 480 2404 dicimus
492 2359 562 2401 esse
577 2340 743 2402 hominum
756 2341 929 2404 eiecturum
939 2361 1019 2422 quos
1033 2341 1126 2403 Deus

42 2428 143 2494 vocat,
165 2444 244 2507 quur
259 2426 330 2487 sola
343 2429 455 2491 eiectio
466 2444 532 2486 non
543 2425 663 2486 sufficit
673 2423 716 2484 ad
728 2427 997 2486 constituendum
1012 2445 1126 2487 verum

45 2512 223 2572 membrum
238 2509 403 2573 Ecclesim.
449 2511 478 2570 h.
492 2507 690 2568 Societatem
707 2524 779 2568 eam
792 2507 931 2568 dicimus
942 2529 1012 2569 esse
1026 2510 1128 2570 homi·

45 2612 116 2656 num
135 2609 329 2656 vocatorum
352 2591 529 2654 efficaciter
551 2609 591 2652 ao
612 2597 688 2652 vere
709 2589 927 2662 credentium,
950 2601 986 2654 ot
1004 2594 1051 2654 sic
1072 2611 1128 2654 ex·

46 2679 216 2742 cindamos
227 2685 270 2742 nh
287 2673 438 2740 Ecclesih
455 2675 657 2758 hypocritas,
680 2675 889 2760 hominesque
902 2678 1065 2759 reprobor.

83 2765 128 2827 11.
143 2764 199 2824 Sic
212 2761 401 2846 responderi
415 2771 524 2844 potest
538 2762 580 2822 ad
593 2763 698 2822 varias
710 2763 904 2841 questiones
916 2783 986 2846 que
997 2765 1130 2828 formari

43 2856 192 2934 possunt.
237 2849 414 2924 Quorum,
435 2848 556 2929 primii,
586 2865 627 2908 an
654 2847 836 2930 hypocritas
862 2857 896 2911 et
917 2851 1046 2932 reprobi
1066 2853 1132 2914 sint

45 2953 121 3000 reta
139 2935 286 2996 membro
308 2933 464 2996 Ecclesia
483 2932 582 3007 itlius,
603 2934 700 3012 cujus
724 2931 875 2994 Christus
895 2943 944 2996 est
965 2943 1077 3018 caput,
1098 2941 1133 2999 et

47 3037 84 3084 ao
100 3017 142 3083 ad
161 3037 220 3080 eos
235 3023 422 3103 pertineant
438 3019 656 3100 praerogative
672 3017 734 3080 ute
750 3037 822 3098 quie
838 3037 1000 3081 concesse
1018 3021 1135 3082 Eccle-

50 3110 97 3170 sie
109 3107 130 3170 i
144 3101 306 3168 Christo?
352 3103 424 3167 Nos
439 3121 599 3186 negamus
610 3102 772 3175 absolute,
787 3121 827 3166 ac
839 3107 1035 3166 sententiam
1050 3107 1135 3168 hano

52 3197 201 3272 tuemur3
229 3193 256 3256 l.
281 3190 336 3268 Ex
363 3191 460 3254 variis
485 3189 600 3260 titulis,
626 3190 682 3271 qui
699 3188 820 3250 dantur
846 3189 1012 3263 Ecclesia,
1036 3190 1136 3252 relate

55 3277 91 3339 ad
109 3277 292 3352 Christum,
313 3276 383 3357 (l.)
409 3274 559 3337 Vocatur
574 3293 697 3356 corpus
708 3273 844 3348 Christi,
867 3281 901 3338 ot
913 3279 985 3354 ejus
995 3277 1137 3339 mernbra

58 3361 209 3428 dicontur
223 3363 364 3448 membro
381 3361 518 3434 Christi,
543 3359 664 3441 Ephes.
682 3381 712 3422 r.
729 3359 780 3422 23.
806 3359 878 3422 cot,
901 3365 920 3423 i.
942 3363 989 3424 18.
1012 3371 1047 3424 ot
1067 3380 1139 3424 cor·

59 3463 115 3528 pos
131 3447 253 3512 Christi
271 3467 336 3513 uon
353 3447 443 3510 aliud
459 3453 520 3521 est,
539 3449 638 3530 ,quim
661 3445 740 3510 illud
766 3447 854 3528 quod
872 3466 985 3510 revera
1004 3449 1139 3510 catonu-

60 3532 130 3598 dum
141 3541 201 3610 ert,
225 3533 346 3615 Ephes.
360 3533 453 3600 aas.
470 3533 689 3615 quodcrcsoit
701 3533 737 3594 iu
749 3537 993 3607 incrementum,
1018 3532 1141 3614 Ephes.

61 3618 89 3678 ir
119 3621 165 3684 16.
189 3621 278 3702 quod
291 3622 416 3701 Spiritu
430 3619 552 3681 Christi
568 3622 753 3693 animatum
777 3615 938 3700 Quisquis
948 3624 1036 3683 euim
1047 3622 1141 3701 h'pir·

62 3705 141 3767 itum
166 3705 294 3772 Cdrr'ett
327 3726 391 3770 uon
420 3705 514 3770 tutet
543 3725 607 3766 uon
630 3711 679 3768 est
709 3703 845 3777 curisti,
871 3705 1012 3769 Roman.
1029 3708 1093 3767 viii.
1111 3705 1143 3768 9.
1255 3725 1263 3736 ’

27 3801 29 3852 t
65 3787 135 3856 Nou
144 3798 252 3876 potest
270 3793 422 3856 Christus
442 3791 716 3854 interemero
730 3794 904 3865 damnato,
926 3793 1034 3874 inquit
1054 3790 1143 3870 Aug.

28 3869 37 3960 t
65 3885 174 3942 contra
191 3877 305 3942 Cresc.
328 3878 384 3942 tih.
400 3880 434 3940 ii.
450 3895 523 3958 cap.
539 3875 592 3938 21.
634 3876 704 3956 (2.)
727 3875 994 3960 Diciturepouoo
1008 3876 1145 3951 Christi,

66 3977 130 4039 qun
146 3968 193 4030 ita
207 3971 299 4030 arcte
316 3968 428 4026 unitur
442 3981 518 4026 com
542 3981 593 4036 eo,
618 3968 655 4024 ut
676 3981 742 4024 noo
764 3964 830 4024 rint
844 3962 923 4036 duo,
944 3962 1002 4024 sed
1031 3981 1145 4036 onom,

68 4043 148 4129 Eph.
166 4072 195 4115 r.
213 4052 265 4116 28.
289 4058 323 4114 et
338 4068 439 4134 quam
457 4057 493 4110 ot
509 4048 674 4130 propriam
690 4065 822 4110 carnem
839 4046 957 4128 diligit.
1001 4046 1047 4110 At
1063 4067 1146 4110 uun·

69 4149 158 4212 quam
174 4137 236 4204 ubi
253 4140 360 4202 univit
377 4135 528 4198 Christos
541 4132 719 4214 reprohos;
743 4132 866 4196 mondo
881 4131 1061 4208 adherent,
1080 4151 1147 4197 noa

70 4215 205 4287 Christo.
251 4225 321 4305 (8.)
354 4221 486 4286 Dicitur
507 4221 596 4284 ovito
623 4217 761 4293 Christi,
782 4218 859 4281 Joh.
881 4237 914 4282 x.
945 4219 994 4284 16.
1024 4227 1059 4282 at
1085 4220 1146 4284 ru·

70 4313 140 4374 rou
164 4315 297 4382 tontum
326 4327 405 4378 ores
433 4307 568 4386 Christi,
598 4324 671 4388 qua
697 4323 814 4372 vocem
841 4304 965 4373 Christi
989 4305 1144 4385 andiunt,
