3032 4998
69 393 145 474 cap.
161 392 218 482 il}
451 413 498 465 oe
521 413 638 467 verso
660 415 733 473 ner.
807 445 811 454 -

64 1769 121 1834 lion
134 1772 396 1839 dissimulandum
411 1781 522 1842 temen
538 1785 598 1858 est,
620 1780 737 1847 dootos
755 1786 940 1869 complures
962 1812 1027 1858 non
1043 1818 1112 1862 ore·

61 1853 120 1919 dere
139 1858 276 1944 Ooteple
303 1862 482 1926 confecisse
508 1863 697 1948 origenem,
719 1869 776 1932 sed
796 1877 926 1938 tenlrim
944 1875 1111 1966 Hexnpin.

62 1937 94 2002 it
106 1939 137 2006 de
151 1943 195 2007 his
210 1945 405 2009 consulendi
422 1945 560 2012 Vossius
574 1957 608 2013 el
625 1949 786 2018 Valesius.

90 2023 122 2090 V.
140 2017 364 2095 Alin'iuernnt
377 2029 553 2096 versiones
562 2035 717 2113 celebres,
734 2045 770 2104 nt
783 2039 931 2109 hedone*
944 2055 1109 2138 martyris,

59 2113 98 2190 qni
108 2119 294 2201 martyrium·
318 2117 453 2180 subiisse
467 2117 590 2183 dicitur
607 2139 663 2191 sn.
676 2123 739 2187 cir.
754 2125 827 2190 ³11.
874 2129 1110 2202 Constantino·

60 2197 179 2274 poitsnis
192 2201 292 2266 vaide
305 2203 464 2284 probets3
488 2204 657 2290 Hesyvlii,
679 2227 777 2291 qoem
788 2208 943 2300 AEgyptii
958 2225 993 2284 et
1007 2221 1107 2288 Alex-

58 2280 155 2347 mdn'ni
167 2287 311 2370 amplexi
326 2295 414 2364 snnt,
429 2288 576 2372 erisque,
593 2311 672 2376 ques
687 2314 754 2358 non
770 2316 928 2380 memoro,
950 2309 988 2368 nl
1003 2312 1107 2374 irens-

58 2383 107 2430 sn
118 2369 154 2432 sd
170 2371 316 2450 Latinas,
337 2391 475 2456 qnorum
490 2377 558 2438 snt·
584 2381 716 2444 sissimo
731 2381 795 2445 luit
810 2381 914 2462 Ilolo,
935 2403 1035 2470 quem
1050 2413 1108 2460 ex·

58 2457 226 2532 eritsersio
238 2457 449 2543 Hieronymi,
470 2479 541 2544 ane
591 2464 690 2548 nplex
714 2464 789 2542 luit,
812 2487 877 2532 une
901 2489 944 2534 ex
958 2477 1108 2543 versione

59 2547 117 2600 ixx.
135 2542 231 2606 nitere
245 2561 291 2606 ex
308 2543 458 2608 Hebreo.
496 2544 577 2610 lem
593 2567 636 2612 ex
654 2548 780 2614 llolioo
794 2558 829 2615 et
842 2553 1108 2638 Hirronymiono

59 2625 135 2686 lrtotn
147 2629 301 2710 temporis
315 2629 458 2692 conflate
471 2631 617 2695 ereditur
630 2635 652 2698 i
666 2635 789 2714 multis,
804 2655 843 2700 es
857 2658 929 2722 qne
939 2643 1009 2722 jum
1025 2644 1107 2714 dioi-

58 2707 189 2774 interisio
209 2711 277 2776 Vol
301 2718 372 2790 olo,
386 2733 460 2796 qne
473 2717 685 2782 multeetiem
701 2719 801 2784 hebet
815 2743 857 2787 ex
879 2722 1103 2812 Tlsodolr'one,

58 2791 214 2861 officione
222 2818 236 2870 ‚·
258 2735 317 2861 elii
332 2800 428 2863 sliter
442 2806 598 2879 sentiunt,
613 2823 675 2866 nee
686 2803 764 2869 licet
781 2805 834 2872 hle
846 2809 1013 2894 indagare,
1030 2821 1105 2900 quis

56 2891 109 3020 gro
121 2885 264 3028 ρτᾶεἰοη
279 2881 380 3030 (litotes.
426 2883 569 2948 Ceteras
590 2890 756 2952 versiones
773 2891 898 2958 ultimis
913 2895 963 2961 his
983 2903 1103 2968 reculis

85 2981 147 3026 orne
205 2987 275 3028 non
290 2987 311 3026 e
341 2986 373 3029 in
398 2987 429 3028 o.

82 3041 124 3110 ll.
144 3049 298 3115 ilustris
313 2987 442 3114 lenitum
458 3049 599 3114 eddom:
626 3053 652 3118 l.
676 3053 710 3118 N
714 3057 796 3120 oller
817 3055 990 3128 Versiones
1004 3087 1101 3150 posse

55 3135 204 3214 equiperari
218 3137 396 3220 originali,
417 3133 536 3198 imood
553 3136 660 3200 sontes
681 3159 751 3203 esse
765 3145 1008 3225 expendendos,
1029 3154 1100 3236 (l.)

54 3216 107 3291 quis
127 3217 231 3284 herum
258 3223 445 3284 versionum
471 3227 623 3285 suctores
638 3243 703 3286 non
721 3225 855 3290 inerunt
870 3231 929 3293 viri
945 3231 1099 3318 islensi-ot,

55 3299 91 3360 rel
104 3285 235 3369 homi'nes
249 3307 351 3369 errori
368 3306 513 3369 obnoxii.
556 3303 604 3370 At
627 3311 794 3393 originale
817 3315 976 3398 seriptum
999 3321 1098 3392 suist

55 3383 105 3445 viris
116 3389 133 3450 i
146 3391 215 3453 Deo
229 3393 405 3476 inspiratis.
447 3391 517 3472 (2.)
538 3391 625 3460 Quis
647 3397 815 3480 originale
839 3407 889 3462 est
903 3421 1031 3487 semper
1047 3429 1097 3474 re·

54 3469 115 3546 uls,
131 3473 168 3537 nd
183 3495 282 3560 quem
299 3495 412 3540 omnes
427 3477 648 3561 expendendo
673 3489 750 3544 sunt
770 3487 946 3564 versiones,
968 3495 1002 3553 ei
1016 3495 1096 3574 quis

54 3557 135 3628 pnriis
154 3579 193 3624 ex
206 3563 285 3646 ipsis
310 3562 456 3626 lontibus
483 3563 603 3626 bibitur
619 3568 714 3646 quim
730 3586 772 3632 ex
788 3570 912 3636 rivulis.
954 3573 987 3638 2.
1011 3575 1095 3642 Ver·

53 3636 146 3708 sionnn
157 3653 264 3712 temen
275 3665 428 3730 megnem
440 3667 509 3711 esse
519 3653 750 3716 enomriistem
761 3664 912 3738 respectu
923 3657 1094 3742 doctrines,

54 3737 123 3798 qnam
135 3735 310 3808 continent,
331 3752 404 3818 qum
418 3732 531 3796 divine
548 3741 609 3810 est,
630 3737 764 3818 qnando
779 3738 906 3806 scilicet
921 3748 1094 3812 veritatem

53 3801 160 3879 lirinum
183 3817 329 3883 lontibus
353 3835 537 3902 expressum
561 3817 700 3885 fideliter
722 3823 877 3902 reddunt,
909 3831 977 3891 imo
1002 3838 1094 3898 reete

52 3889 232 3978 tlsenotnm,
254 3903 378 3968 nollem
393 3923 463 3968 esse
485 3912 552 3967 tem
568 3906 686 3970 melem
704 3911 897 3990 versionem,
918 3913 1018 3978 modo
1033 3917 1092 3980 sli-

29 4023 30 4038 ,
51 3989 94 4052 qis
105 4000 168 4050 snm
183 3987 247 4052 fide
261 3997 295 4053 et
310 3985 479 4072 diiigentil
493 3989 581 4054 sueto
596 3993 649 4068 sit,
670 4011 744 4075 ques
769 3995 908 4060 celestis
932 3996 1091 4066 doctrines

29 4069 31 4122 i
51 4059 186 4136 sisterem
201 4077 371 4140 veritatem
393 4094 462 4139 non
488 4077 678 4155 eontinent3
711 4077 798 4142 unde
818 4083 897 4145 setis
917 4080 1040 4152 hebent
1053 4091 1090 4152 in

29 4143 31 4180 l
51 4153 212 4223 rosionibus
234 4161 372 4244 quilibet
398 4160 518 4236 idiote,
540 4161 656 4246 inquo
681 4160 778 4226 fidem
798 4183 890 4230 soem
908 4165 1089 4238 firmissime

51 4223 154 4308 ¹uident
173 4251 207 4312 et
230 4243 398 4313 enimus
441 4245 473 4311 ³.
497 4241 690 4314 versionem
705 4261 791 4315 ιη.
814 4257 961 4335 quumvis
975 4263 1088 4344 megni

554 4346 577 4395 ι
