2986 5160
321 389 384 456 rua
638 397 840 454 rasuuaura
862 365 1085 452 craumers.
1202 380 1292 469 [Lib.
1306 377 1411 446 XIV.

320 558 351 622 4.
385 555 472 627 Quis
494 557 564 622 brec
592 559 765 641 praeseutia
789 555 914 620 inutilis
942 563 1003 634 est,
1035 553 1206 619 ramsola
1232 553 1415 636 presentia

320 643 461 726 Spiritus
483 643 606 706 Christi
632 645 794 717 uidisset,
816 628 879 706 hec
905 645 1012 705 minus
1028 659 1167 726 prmsens
1183 638 1258 702 fidei
1281 655 1416 722 corpus

320 737 381 804 ast,
403 732 463 792 etsi
480 731 569 792 sitin
586 729 686 806 cmiis,
707 747 747 791 ac
763 729 834 790 siin
851 731 946 792 terris
960 735 1046 791 esset
1060 725 1233 788 invisibile.

364 813 428 877 111.
454 813 558 877 Exeo
573 813 661 898 qudd
679 832 817 896 priamus
832 831 899 876 non
915 816 957 876 sit
971 831 1110 896 corpore
1124 811 1286 882 Christus,
1303 813 1415 890 patet,

319 915 388 968 uon
408 919 504 983 posse
519 899 595 968 dici.
618 917 735 982 panem
760 901 933 972 cirinum,
955 901 987 961 in
1010 917 1131 980 corpus
1154 902 1188 960 et
1212 896 1412 975 sauguinem

320 1001 391 1047 esse
406 1003 575 1058 conversa,
597 1003 673 1047 nam
692 986 759 1049 hnc
775 985 1092 1048 transubstantiatio.
1141 981 1167 1046 1.
1192 979 1253 1042 Est
1274 987 1414 1042 contra·

319 1069 371 1132 ria
381 1073 565 1134 testimonio
574 1089 728 1136 ammaum
744 1087 809 1132 non
828 1071 934 1146 unius,
956 1068 1011 1132 sed
1026 1068 1178 1152 plurium,
1200 1073 1235 1128 et
1249 1083 1413 1128 sensuum

319 1159 468 1218 omnium
481 1155 663 1226 hominurn,
685 1153 836 1239 qninihil
850 1153 1077 1228 atiudrident,
1098 1155 1244 1233 gustant,
1265 1149 1413 1212 odoran-

320 1243 386 1316 tur,
408 1248 561 1324 tangunt,
580 1243 678 1324 quim
695 1259 826 1322 panem.
868 1239 1106 1309 Testimonium
1122 1247 1235 1300 auteur
1251 1253 1412 1298 sensnm

321 1323 378 1391 uto
399 1345 468 1394 uon
494 1325 734 1390 recusandum:
767 1325 1001 1407 distinguenda
1022 1327 1109 1386 enim
1133 1328 1212 1386 sunt
1235 1324 1413 1404 mysteria,

320 1429 393 1493 qua
415 1413 436 1474 b
460 1413 555 1476 rebus
581 1411 747 1492 corporeis
773 1411 870 1492 pians
884 1410 1052 1477 abstracta
1067 1417 1152 1482 sunt,
1173 1415 1208 1470 et
1222 1407 1283 1468 snb
1298 1425 1416 1468 sensus

320 1498 513 1579 neutiquam
530 1495 666 1575 cadunt,
689 1501 726 1558 ut
749 1497 942 1580 mysterium
963 1493 1145 1562 Trinitatis,
1167 1491 1201 1556 iu
1216 1511 1282 1575 quc
1297 1492 1417 1554 andire

320 1598 436 1644 sensus
450 1581 629 1646 absurdum
641 1591 702 1654 ast,
723 1581 765 1642 ab
781 1583 828 1644 is's
842 1583 1022 1664 masurius,
1045 1599 1117 1662 qua
1134 1579 1230 1642 rebus
1242 1579 1414 1658 corporeis

321 1665 474 1730 insoluta
488 1673 576 1743 sunt,
599 1672 638 1729 ut
651 1673 729 1728 suut
744 1673 961 1742 sacramenta,
987 1669 1020 1728 in
1037 1666 1155 1748 quibus
1169 1661 1323 1728 audiendi
1339 1681 1414 1726 scn-

322 1767 396 1828 sus;
417 1769 479 1814 nec
494 1757 581 1816 cuim
597 1769 712 1814 eorum
724 1760 880 1834 superant
895 1753 1054 1836 sphaeram
1069 1748 1156 1812 unde
1170 1749 1211 1812 ad
1222 1765 1336 1810 eorum
1350 1753 1415 1810 tes·

323 1835 498 1908 timonium
509 1835 876 1928 provocaritChristns,
887 1835 930 1899 ad
943 1839 1112 1900 veritatem
1124 1853 1190 1896 sune
1203 1835 1414 1898 resurrectio·

282 2045 288 2059 r
323 1917 1415 2093 sistitis„initnstitutus.stituit&

324 2093 453 2154 tensum
471 2099 504 2154 et
520 2091 641 2162 hahere
655 2101 766 2236 garten
781 2099 875 2156 extra
889 2103 1007 2172 partes.
1050 2093 1119 2172 (3)
1137 2088 1334 2180 Aucideutis
1345 2107 1413 2155 uon

324 2193 422 2261 posse
437 2195 510 2240 esse
529 2179 600 2238 sine
615 2195 652 2238 sn
672 2177 776 2261 jecto.
820 2180 852 2244 8.
882 2177 943 2242 Est
964 2177 1348 2256 contraris-scripturo.
1373 2181 1411 2236 ut

324 2267 419 2342 patet
429 2277 472 2324 ex
483 2259 580 2324 dictis
590 2259 632 2324 dc
644 2257 815 2342 prosentih
824 2261 999 2342 corporati,
1012 2261 1100 2346 quod
1114 2259 1414 2344 potestcontirmari

327 2361 373 2407 ex
396 2365 437 2408 eo
460 2345 548 2434 qudd
575 2345 727 2432 symbola
744 2345 976 2418 Eucharistiae
1001 2347 1087 2410 idem
1103 2364 1224 2408 nomen
1249 2347 1412 2408 retineant

326 2437 404 2512 post
415 2429 714 2502 'consecrationem
735 2429 823 2514 qnod
840 2429 1005 2494 habebant
1020 2441 1128 2506 antea,
1150 2439 1188 2494 ut
1204 2439 1295 2514 patet
1309 2449 1351 2495 cx
1364 2433 1414 2500 in·

328 2516 500 2597 speotione
516 2515 665 2582 iocorum
683 2515 805 2578 Matth.
823 2517 912 2579 xxvi.
929 2517 971 2580 29
1011 2515 1115 2588 Maro.
1133 2520 1198 2578 xiv.
1214 2517 1267 2578 25.
1296 2517 1309 2578 i
1330 2515 1408 2578 Cor.

330 2601 377 2662 xi.
399 2600 454 2672 23,
475 2601 529 2672 26,
551 2601 604 2672 27,
626 2601 679 2662 28.
702 2603 732 2660 4.
757 2601 909 2662 Destruit
934 2605 1092 2674 naturam
1105 2602 1318 2676 custamenti.
1340 2621 1415 2672 nam

327 2683 639 2752 transubstantiatio
654 2679 794 2745 destruit
809 2691 955 2768 signum,
978 2687 1057 2749 durn
1077 2707 1192 2769 panem
1202 2687 1327 2762 abolet,
1347 2692 1418 2772 sig·

329 2777 456 2839 nutam.
477 2766 557 2830 dum
578 2785 698 2850 corpus
716 2767 838 2830 Christi
865 2771 985 2854 spoliat
1000 2771 1058 2834 sub
1072 2775 1269 2870 quantitate,
1290 2781 1326 2836 ct
1341 2775 1416 2834 abo·

330 2854 378 2916 tat
392 2851 577 2934 analogiam
593 2853 679 2916 inter
691 2861 878 2938 utrumque,
899 2858 974 2920 curn
992 2857 1158 2920 relationis
1173 2860 1416 2922 sacramentalis

331 2937 585 3002 tundamentum
613 2937 718 3000 tollat.
761 2940 792 3002 5.
817 2937 967 3004 Destruit
993 2951 1144 3006 naturam
1170 2962 1260 3006 uersa
1284 2963 1415 3008 mouer-

330 3025 448 3096 sioaia
470 3043 547 3086 narn
562 3025 595 3094 in
618 3025 833 3094 conversione
849 3029 1034 3119 requiritur,
1057 3036 1095 3090 ut
1111 3047 1172 3102 res,
1188 3031 1222 3090 in
1237 3047 1336 3111 quam
1352 3031 1415 3092 atia
1474 3041 1475 3104 ξ

332 3111 549 3194 convertitur,
571 3108 612 3170 de
639 3129 727 3170 noro
750 3107 961 3192 producatur.
1006 3115 1035 3175 6.
1061 3113 1139 3178 Non
1163 3119 1343 3178 necessaria
1365 3121 1415 3180 est

332 3194 649 3258 transubstantiatio
664 3197 697 3266 in
713 3213 818 3269 utana,
841 3199 942 3278 magis
957 3217 1054 3290 quam
1066 3201 1099 3262 in
1117 3199 1288 3280 baptismo,
1305 3202 1415 3280 inquo
1474 3211 1475 3280 j

331 3295 418 3362 aqua
434 3297 500 3340 nou
516 3279 830 3343 transubstantiatur
850 3283 883 3342 in
900 3285 1092 3365 sauguinem
1115 3283 1249 3346 Christi.
1293 3285 1322 3346 7.
1354 3285 1418 3360 Vei

332 3363 640 3426 transubstantiatio
657 3363 693 3426 ht
705 3383 763 3446 per
774 3355 1047 3432 annihilationem
1055 3373 1169 3454 punis,
1186 3371 1238 3432 vet
1249 3389 1309 3454 per
1317 3375 1419 3436 auns-

333 3450 545 3520 mutationem
571 3450 676 3530 panis
706 3452 743 3512 s'n
772 3469 892 3531 corpus
919 3453 1068 3528 Christ&
1100 3459 1127 3516 si
1152 3457 1252 3538 prius,
1279 3475 1348 3520 uon
1373 3465 1418 3520 est

333 3535 661 3608 unumstanttatia
677 3533 732 3597 sed
757 3540 886 3600 tantum
908 3539 1099 3608 substitutio
1128 3543 1275 3622 eorporis
1297 3539 1418 3610 Christi

334 3619 496 3682 inlocum
519 3621 632 3701 panis:
654 3622 680 3682 si
705 3622 877 3702 posterius,
898 3630 980 3688 tanc
1004 3643 1124 3706 corpus
1147 3625 1238 3688 fleret
1260 3645 1303 3694 ex
1329 3647 1419 3711 pune.

333 3701 462 3768 Rursus
480 3705 530 3766 vei
546 3704 740 3786 producitur
761 3707 793 3768 in
811 3706 1020 3772 Eucharistii
1041 3729 1160 3792 corpus
1178 3709 1315 3784 Christi.
1338 3714 1418 3782 velt

334 3789 418 3854 coto
433 3789 626 3852 deducitur:
657 3793 799 3872 produci
813 3791 877 3858 dici
894 3813 960 3858 non
977 3803 1107 3878 potest;
1127 3799 1206 3878 quia
1220 3799 1247 3858 si
1263 3797 1419 3878 produce

333 3881 438 3954 retur,
454 3875 506 3936 sel
521 3895 563 3938 ex
577 3874 692 3964 nahita,
709 3876 761 3939 vel
775 3895 819 3939 ex
837 3897 936 3960 panc,
953 3879 1005 3943 rei
1019 3899 1062 3944 ex
1078 3883 1151 3946 alid
1165 3885 1333 3956 materid5
1358 3905 1417 3946 non
1474 3951 1475 3966 χ

333 3965 420 4022 esset
438 3957 525 4022 idem
541 3981 618 4024 cum
640 3973 779 4046 corpore
795 3961 917 4028 Christi
934 3968 967 4029 in
986 3967 1070 4030 cmto
1092 3970 1273 4030 existente:
1295 3970 1417 4042 adduci

334 4042 689 4198 {imtssoaeefineuquit
709 4049 785 4142 quia
801 4055 838 4120 ur
854 4051 925 4134 istu
939 4051 1019 4132 dixi,
1033 4053 1081 4120 siu
1096 4072 1163 4120 uon
1186 4061 1297 4138 posset
1311 4057 1417 4128 rouad

428 4149 487 4195 us
525 4151 545 4198 u
573 4151 595 4198 a
621 4153 652 4199 o.
