3000 5006
401 599 464 662 3⁰8
563 565 569 572 ⁸
745 607 946 668 rusononrs
969 605 1189 657 enussusus.
1349 588 1436 678 [Lot.
1451 595 1492 658 X.

393 765 608 851 justificando
621 757 666 828 'in
687 767 791 827 terris.
836 765 954 828 Statim
976 766 1132 845 igiturne
1154 763 1331 846 recipimur
1348 766 1382 828 in
1400 787 1490 829 coru·

396 857 587 918 munionem
605 851 740 926 Christi,
756 858 827 913 turn
845 858 954 914 reatus
969 853 1117 914 omnium
1138 855 1353 931 peccatorum
1370 871 1491 935 prece-

395 939 543 1004 dentium
571 939 709 1014 tollitur,
741 936 905 1020 simulque
936 937 1028 1000 Deus
1062 937 1157 999 uobis
1186 933 1365 1018 pollicetur
1395 957 1489 1002 snum

418 1029 543 1088 ratium.

393 1047 418 1142 g'
439 1109 499 1174 1v.
525 1109 589 1173 tito
605 1108 807 1192 disquiritur,
829 1127 872 1171 an
895 1109 1041 1170 remissio
1057 1112 1269 1190 peccatorum
1286 1107 1487 1172 extendatur

392 1197 435 1259 ad
452 1205 590 1279 peccate
606 1195 726 1258 tuturo.
771 1193 915 1262 Quidam
932 1193 1094 1276 Theologi
1111 1191 1334 1267 crediderunt,
1349 1197 1432 1276 quie
1447 1215 1486 1258 ex

392 1303 460 1364 quo
485 1284 619 1364 ingressi
647 1299 760 1344 sumus
784 1283 817 1343 in
843 1282 1108 1342 communionem
1134 1277 1270 1356 Christi,
1287 1279 1418 1342 nulium
1439 1293 1484 1342 est

390 1375 578 1450 peccatum,
594 1368 688 1450 cujus
705 1368 926 1430 remissionem
945 1385 1009 1427 non
1026 1365 1256 1438 obtineamus3
1277 1363 1333 1426 sed
1348 1375 1481 1446 praesut

389 1453 500 1516 dicere
515 1461 726 1536 peccatorum
744 1453 965 1515 remissionem
983 1469 1049 1514 nou
1071 1448 1206 1514 extendi
1223 1455 1266 1510 nd
1291 1450 1432 1529 iutura3
1458 1456 1480 1515 i.

387 1539 486 1614 Quia,
502 1537 659 1622 quamdiu
672 1545 844 1621 peccatum
863 1543 1006 1614 nonest,
1026 1553 1125 1620 poenn·
1137 1538 1168 1598 ei
1191 1554 1258 1597 uon
1273 1533 1427 1615 debetur,
1449 1549 1480 1601 et

386 1627 462 1687 curn
475 1644 540 1688 non
552 1623 703 1698 debetur,
725 1643 791 1686 non
805 1631 914 1705 potest
926 1625 1059 1685 remitti.
1103 1621 1133 1684 2.
1157 1621 1246 1688 Quis
1259 1619 1302 1682 nd
1318 1625 1479 1687 remissio·

385 1728 460 1772 nem
472 1712 599 1793 peccati
612 1711 787 1793 requiritur
796 1710 970 1784 confessio,
982 1715 1016 1771 et
1027 1709 1232 1792 poenitentia,
1242 1725 1313 1788 qure
1324 1713 1479 1791 supponit

384 1799 594 1858 commissum
604 1803 776 1878 peceatum
789 1794 877 1858 uude
885 1792 1477 1877 jubemurquotidiepetereremissio·

273 1871 279 1888 ’
384 1899 460 1944 nem
478 1888 702 1965 peccatorum,
728 1883 866 1964 quassit
890 1879 1089 1964 applicanda
1115 1881 1260 1961 peccatis
1286 1884 1474 1944 commissis.

384 1966 527 2040 Quando
543 1967 648 2030 fidelis
668 1965 758 2030 cudit
778 1968 811 2030 iu
828 1973 978 2050 peccata,
1003 1967 1149 2027 remissio
1160 1963 1262 2026 semel
1277 1964 1400 2029 coliata
1412 1987 1474 2030 non

382 2053 582 2132 abrogatum
604 2071 666 2114 nec
679 2059 816 2134 peccatu
830 2054 901 2134 ejus
917 2051 1051 2114 dimissu
1061 2053 1180 2113 iterum
1193 2051 1403 2126 reviviscunt,
1419 2053 1475 2116 sed

381 2139 416 2200 in
433 2148 602 2219 paternam
623 2136 883 2219 indignutionem
895 2139 1045 2213 incurrit,
1061 2141 1094 2200 et
1106 2133 1192 2198 nord
1202 2137 1392 2202 remissione
1403 2138 1474 2202 ilio·

380 2241 452 2284 rum
469 2231 681 2306 peccatorum
702 2227 793 2303 eget.
1255 2307 1263 2320 ι

426 2307 468 2371 V.
494 2305 575 2370 Hoeo
600 2307 793 2389 justificatio
821 2313 974 2382 nonest,
1002 2325 1060 2370 seu
1090 2307 1225 2390 equalis
1254 2325 1288 2368 rn
1321 2309 1470 2372 omnibus

378 2391 544 2468 fidelibus,
564 2399 634 2456 tum
661 2395 781 2454 veteris
807 2397 878 2456 tum
906 2395 982 2456 novi
1010 2393 1227 2464 Testamenti.
1270 2391 1366 2458 Deris
1389 2417 1473 2460 unus

379 2482 440 2556 esi,
462 2479 569 2564 inquit
587 2477 721 2552 Paulus,
745 2477 842 2542 Rom.
860 2479 904 2540 iii.
921 2479 972 2543 30.
996 2481 1054 2560 qui
1068 2476 1470 2562 justificotcircumcieio-

378 2583 451 2628 nem
466 2585 510 2629 es
517 2563 591 2646 fide
601 2569 632 2628 et
644 2566 853 2646 praeputium
864 2583 927 2648 per
936 2563 1051 2649 fidem,
1068 2565 1139 2626 iusi
1154 2563 1187 2627 id
1204 2565 1321 2648 probat
1336 2565 1470 2644 Paulus,
1498 2573 1499 2609 t

378 2659 449 2712 tum
469 2651 610 2714 Roman.
628 2653 671 2714 iv.
695 2657 764 2713 tum
783 2649 866 2714 Heb.
885 2653 929 2714 xi.
955 2651 1032 2714 hinc
1049 2649 1167 2713 Petrus
1182 2649 1263 2714 dicit
1278 2649 1354 2715 Act.
1367 2671 1400 2718 x.
1412 2657 1467 2718 43.
1497 2699 1498 2719 r

380 2733 522 2798 Christo·
537 2737 759 2799 testimonium
784 2737 866 2798 dors
885 2755 994 2800 omnes
1021 2735 1218 2817 Prophetas,
1242 2737 1467 2802 remissionem
1496 2811 1497 2820 ἦ

371 2827 586 2901 peccatorum
601 2827 815 2902 accepturum
833 2839 896 2904 per
909 2841 1023 2884 nomen
1038 2823 1120 2906 ejice,
1130 2826 1279 2905 quemuis
1291 2829 1353 2904 qui
1364 2829 1466 2887 credi·
1495 2897 1496 2906 χ

375 2905 463 2968 derit
493 2908 530 2968 io
560 2909 681 2988 ipsum.
738 2903 817 2969 Non
848 2907 1120 2970 dissimulandum
1152 2915 1262 2970 tamen
1293 2911 1466 2974 discrimen
1494 2907 1496 2988 ἶ

375 2986 475 3054 inisse
495 2993 581 3055 inter
598 2991 868 3074 justificationem
889 3001 1036 3056 veterum
1054 2999 1088 3054 et
1107 3001 1252 3056 nostram
1270 2995 1379 3078 quoud
1395 3017 1466 3078 gra·
1494 3007 1495 3047 t

375 3076 486 3140 disset
502 3097 641 3141 sensum.
689 3077 742 3141 De
759 3079 998 3162 justificatione
1020 3087 1129 3142 certus
1145 3085 1194 3142 est
1210 3079 1327 3158 fidelis,
1342 3102 1384 3146 ex
1400 3103 1466 3166 quo
1493 3099 1494 3157 t

374 3169 483 3226 certus
498 3169 547 3229 est
563 3165 604 3228 de
619 3161 684 3228 ude
699 3161 767 3245 sud,
784 3164 825 3228 de
841 3161 906 3247 qud
921 3165 1120 3228 certitudine
1140 3165 1294 3229 diximus.

777 3319 1062 3360 Ἦ
1489 3289 1492 3378 i

802 3452 958 3522 curun
982 3457 1025 3522 v.

791 3619 840 3677 De
870 3615 1037 3696 Adoptiose.

413 3747 439 3810 1.
461 3745 609 3810 Annuus
632 3765 707 3829 pars
723 3745 970 3830 justificationis
985 3755 1036 3812 est
1052 3749 1208 3834 Adoptio,
1231 3753 1301 3816 sire
1318 3753 1405 3836 juris
1420 3753 1460 3818 ad

368 3833 470 3894 ritum
498 3833 644 3906 collatio,
666 3853 740 3916 quse
762 3831 834 3896 nuit
856 3853 898 3896 ex
922 3837 1142 3917 imputatione
1159 3839 1298 3920 justitie
1325 3837 1459 3914 Christi,

367 3919 444 3981 ided
456 3921 544 3982 enim
554 3919 676 4001 socius
689 3919 750 3982 sud
765 3921 847 4003 lege,
862 3924 899 3982 ut
913 3937 978 3983 nos
989 3921 1146 3987 tidernret
1159 3927 1182 3984 ὰ
1196 3927 1359 3989 seruitute
1375 3929 1460 4012 legis

366 4007 399 4066 et
413 4005 632 4086 adoptionem,
648 4003 681 4068 id
697 4011 747 4067 est
758 4005 814 4087 jus
826 3999 979 4080 tiliorum,
993 4008 1088 4071 notu
1098 4012 1268 4091 opums,
1284 4010 1364 4075 Gai.
1376 4017 1417 4074 ir.
1429 4017 1459 4084 4,

366 4089 396 4150 5.
420 4109 462 4152 ex
478 4111 541 4174 quo
557 4089 679 4173 pendet
697 4091 752 4174 jus
766 4089 808 4153 ad
824 4093 938 4164 ritum,
953 4093 1087 4156 sienim
1097 4095 1183 4178 filii,
1197 4115 1278 4179 ergo
1297 4097 1457 4160 dmsedes.

409 4175 455 4236 li.
478 4177 626 4259 Adoptio
652 4179 801 4253 sumitur,
824 4177 922 4240 modd
947 4197 1007 4260 pro
1034 4176 1172 4243 externi
1196 4185 1402 4260 assumtione
1426 4191 1458 4246 in

365 4256 483 4332 fredus,
505 4270 543 4323 ut
570 4261 668 4325 Rom.
686 4265 730 4326 ix.
747 4265 778 4324 4.
802 4261 923 4325 dicitur
948 4263 1072 4327 Judreis
1101 4269 1277 4348 contigisse
1293 4331 1295 4336 ,
1309 4271 1457 4350 adoptio.

366 4339 464 4405 Unde
492 4345 646 4410 israelite
665 4347 822 4410 dicuntur
848 4347 908 4411 iiiii
936 4348 1012 4424 Dei,
1037 4349 1137 4414 Deut.
1154 4355 1260 4416 xxxii.
1281 4355 1329 4429 10,
1350 4358 1401 4417 ii.
1427 4365 1461 4416 et

361 4429 588 4511 primogeniti,
622 4431 731 4494 Exod
758 4435 800 4495 ir.
826 4431 879 4498 22.
902 4435 1002 4497 modd
1029 4457 1089 4518 pro
1116 4439 1310 4522 adoptionis
1333 4459 1402 4503 usu
1428 4447 1459 4502 et

361 4517 635 4596 emancipatione,
658 4517 763 4600 qualis
789 4523 948 4603 competit
972 4520 1122 4586 fidelibus
1146 4527 1224 4588 'nori
1251 4526 1459 4590 Testamenti
