2994 4996
39 447 108 530 cap.
120 443 166 532 5.]
411 457 459 510 nn
479 454 691 510 cessuross.
1038 454 1099 522 ηε

39 636 107 694 nus,
127 619 161 681 in
185 633 229 680 eo
249 615 348 680 etiam
371 617 512 698 positam
532 635 602 680 esse
625 613 800 697 imaginem
817 609 908 680 Dei:¹
926 633 1003 684 nam
1017 619 1101 687 illud

38 707 125 784 patet,
146 709 214 766 tant
230 719 272 766 ex
283 718 322 764 oo
339 699 426 782 qudd
448 704 622 783 postquam
643 699 735 764 Deus
747 698 842 776 dixit,
853 701 1032 782 santonus
1044 706 1100 770 lto·

38 789 138 850 sim
148 789 197 850 cd
206 787 386 870 imaginem
395 787 553 860 nostram,
568 781 673 872 addit,
687 788 719 848 ct
727 785 933 852 demutentur·
944 789 982 852 in
987 793 1103 872 pisces

39 875 127 934 nome
139 871 199 954 d‘o.
216 873 278 936 nisi
289 873 439 934 molimus
453 870 561 934 diacre
573 887 651 934 cum
661 870 828 934 nonnullis
842 869 1022 938 domim
1031 895 1103 942 esse

40 975 235 1112 illim
235 954 1105 1128 tfftlt&imilittllitlttttl

41 1129 183 1203 runitnr3
205 1135 276 1190 turn
300 1143 342 1192 ex
364 1145 404 1189 eo
426 1124 516 1208 quod
542 1125 555 1188 l
584 1124 662 1188 Cor.
677 1126 724 1191 xi.
739 1127 771 1188 7.
786 1125 895 1190 vir=ob
921 1126 1103 1196 dominium

40 1213 132 1358 igniri
153 1231 290 1277 osorem
305 1225 498 1276 concessum
521 1211 692 1294 speciatim
713 1213 828 1294 imago
842 1229 885 1274 nc
908 1215 1022 1297 glorio
1037 1213 1105 1280 ne·

62 1299 155 1362 citur.
1164 1315 1188 1367 s

76 1381 146 1448 Vll.
169 1383 245 1448 Hoc
261 1382 423 1471 probat03
441 1383 511 1465 jam
526 1382 672 1448 secuudd
687 1381 876 1462 uidendum,
897 1403 940 1450 an
957 1385 1106 1454 becom-
1132 1390 1157 1452 f*

44 1467 128 1531 niain
152 1471 293 1552 primum
321 1469 486 1533 hominem
513 1467 687 1551 quadrent,
708 1475 743 1532 et
768 1469 832 1534 lroc
848 1471 1023 1552 probamus
1046 1493 1105 1557 per

44 1561 141 1634 partes.
187 1556 215 1618 l.
233 1554 393 1620 'Animam
405 1555 476 1636 ejus
490 1552 590 1618 tuisse
601 1554 815 1639 spiritualem,
836 1573 903 1618 non
924 1563 1106 1635 extensam,

45 1647 117 1718 patet
129 1659 169 1704 ex
192 1640 258 1704 hoe
271 1643 370 1704 unico
384 1646 592 1720 argumento,
612 1639 699 1723 quod
714 1639 914 1724 impossibile
927 1644 975 1706 sa't
988 1647 1026 1708 ut
1039 1646 1105 1710 an·-

44 1725 107 1802 puid
123 1729 291 1790 morsum
314 1727 445 1808 cogitet.
488 1724 585 1801 Saue,
607 1731 645 1788 ut
660 1730 750 1790 recte
774 1727 795 1788 d
816 1725 1028 1809 Philosophia
1048 1729 1106 1794 ob·

43 1815 195 1886 ursatum,
220 1811 447 1893 Cogitationis
464 1812 605 1886 nomine,
627 1809 685 1874 illa
696 1813 808 1874 omnia
817 1814 947 1874 tantum
959 1815 1106 1888 veniunt,

45 1911 101 1974 qun
114 1896 201 1959 uobis
217 1899 358 1959 consciis
382 1899 416 1958 in
432 1896 526 1958 nobis
541 1894 635 1970 liunt,
657 1900 819 1977 quatenus
833 1913 948 1958 eorum
963 1897 997 1959 in
1012 1898 1108 1962 nobis
1203 1917 1210 1932 ·

46 1983 226 2044 conscientia
245 1987 316 2058 est;
336 1985 373 2044 at
396 1981 527 2062 concipi
551 1981 677 2064 nequit,
698 1978 866 2062 quemodo
890 1999 1010 2064 corpus
1024 1983 1108 2065 ejus·

46 2063 113 2128 nodi
127 2070 296 2131 actionum
312 2071 346 2128 et
369 2067 557 2148 passionum
569 2067 611 2129 sit
621 2081 739 2148 capax,
755 2083 895 2148 quarum
904 2065 964 2130 sibi
976 2069 1019 2130 eit
1030 2087 1109 2132 con·

46 2149 148 2230 scium
168 2171 234 2216 nec
247 2151 336 2216 enim
349 2151 451 2214 alium
467 2157 595 2214 motum
616 2151 649 2214 in
665 2149 859 2234 corporibus
884 2149 1108 2230 observamus,

45 2237 92 2297 nisi
104 2237 265 2315 loceleme
284 2235 342 2301 sed
354 2238 426 2319 ejus
437 2255 504 2300 non
519 2256 590 2301 esse
603 2235 705 2299 alium
716 2235 883 2313 ereetum,
903 2243 1022 2320 preter
1036 2257 1111 2324 par·

45 2321 108 2384 tium
132 2325 280 2407 corporis
304 2321 556 2406 separationem,
590 2321 702 2404 figure
727 2317 955 2399 variationem,
983 2329 1019 2388 et
1044 2323 1110 2390 loci

45 2409 242 2472 mutationem
258 2407 346 2472 clare
361 2409 574 2492 concipimus.
621 2405 774 2470 Proiecto
789 2407 816 2470 si
831 2409 904 2489 quis
918 2427 1039 2492 corpus
1054 2429 1110 2473 co·

44 2493 128 2571 giture
150 2495 329 2578 concipiat,
352 2493 394 2556 ab
420 2494 491 2577 ipeo
517 2492 636 2556 lubens
661 2495 818 2574 peterem,
852 2497 961 2554 utrum
989 2493 1111 2558 dentur

44 2581 241 2660 cogitationes
262 2578 421 2652 rotundae,
451 2583 553 2658 atque
579 2573 758 2658 quadrum,
779 2575 935 2652 ceruleae,
963 2583 1025 2641 aut
1044 2579 1111 2643 alio

45 2663 134 2728 colore
148 2668 272 2730 tinctae.
315 2663 346 2726 2.
362 2662 518 2727 Animam
531 2661 673 2724 hominis
684 2661 780 2743 primi
792 2659 903 2737 tuisse,
924 2665 959 2724 et
969 2663 1111 2728 aliorum

46 2745 193 2814 lominum
209 2741 282 2814 esse
292 2747 510 2813 immortalem
523 2746 682 2832 probatur
693 2745 806 2808 multis
820 2750 1032 2830 argumentis.
1080 2752 1109 2816 l.

47 2829 187 2898 Probatur
213 2853 257 2898 ex
280 2831 460 2916 Scripturl,
481 2838 553 2896 tum
576 2851 618 2896 ex
640 2831 715 2895 loco
740 2829 868 2896 Euclea.
883 2833 940 2896 sii.
956 2833 986 2897 7.
1011 2833 1112 2902 redu

44 2921 137 2995 puluis
150 2923 196 2984 nd
211 2923 345 2996 unam,
366 2921 512 3002 spiritus
535 2919 612 2982 vero
634 2917 722 2980 redit
747 2918 794 2980 nd
816 2917 935 2995 Deum,
956 2923 1016 3002 qui
1037 2941 1110 2987 enm

48 3003 120 3068 dedit
127 3027 140 3079 ,·
161 3012 236 3070 turn
247 3005 336 3070 exiis
348 3003 440 3082 loeis,
454 3003 510 3066 ubi
524 3001 648 3066 Paulus
660 3007 754 3084 optat
765 3004 783 3064 ὸ
796 3023 929 3086 corpore
939 3005 1111 3081 σκευάσας

47 3093 71 3148 rt
83 3087 118 3153 ad
129 3091 236 3156 Deum
250 3093 311 3166 ire,
332 3093 482 3173 migrare
494 3087 541 3150 od
551 3085 728 3150 Dominum
743 3089 775 3150 et
793 3107 863 3151 esec
877 3107 953 3150 cum
970 3088 1112 3170 etrum,

48 3169 113 3238 Phil.
129 3179 147 3238 i.
163 3177 218 3240 23.
241 3171 356 3239 dcor.
373 3195 404 3236 s.
418 3175 459 3238 .l.
483 3179 554 3235 tum
579 3173 738 3252 imprimis
762 3189 805 3234 ex
831 3171 1111 3240 demonstratione

48 3255 150 3326 cirini
176 3261 336 3326 adversus
358 3259 582 3334 =Sadduoaeos3
612 3257 690 3342 Ego
710 3274 783 3332 earn
798 3253 890 3319 Daue
915 3257 1110 3338 Abroiomi,

48 3339 146 3410 lenoni
158 3347 222 3430 etc,
267 3345 359 3410 Beue
373 3365 439 3410 non
452 3349 502 3410 est
514 3341 607 3408 Dece
615 3346 824 3420 monuerunt,
839 3342 898 3406 scd
907 3343 1108 3412 viventium:

47 3447 102 3509 que
112 3431 347 3498 demonstratio
359 3433 477 3495 invicte
488 3429 607 3514 probat
618 3427 897 3492 immortalitatem
908 3429 1110 3509 animerum3

47 3515 66 3574 si
88 3511 300 3582 euim'anima
323 3523 506 3582 moreretur
531 3535 606 3580 cum
632 3532 781 3598 corpore,
804 3511 897 3579 Dece
912 3518 997 3580 esset
1018 3511 1111 3582 Deua

45 3607 236 3669 nonuomm.
280 3603 310 3666 2.
334 3602 386 3666 lta
401 3603 644 3666 ratiocinamur.
689 3599 722 3662 Si
737 3602 848 3663 anima
868 3605 1061 3678 moreretur,
1076 3601 1113 3666 id

45 3681 189 3764 teretvel
197 3688 354 3772 qniaejus
364 3689 547 3770 parteedee
556 3688 697 3751 invicem
708 3683 1125 3770 sejungerentur,selquia'

45 3777 244 3858 semetipsam
256 3773 449 3853 destrueret,
470 3772 524 3840 vel
539 3774 615 3855 quia
625 3771 668 3834 ab
678 3770 745 3834 alio
756 3777 832 3834 ente
842 3777 955 3834 creato
966 3771 1113 3836 destrue·

47 3863 129 3934 retur,
143 3859 197 3924 rel
213 3857 289 3942 quia
303 3861 323 3924 d
339 3851 412 3946 Deo'
427 3856 676 3922 annihilaretur.
699 3853 967 3920 Horumnullum
979 3855 1045 3921 dici
1078 3877 1113 3921 o·

44 3945 110 4020 teet3
124 3963 199 4010 nam
211 3945 280 4026 (l.)
295 3943 521 4008 enimanullas
534 3941 633 4006 hebet
648 3946 768 4025 partes,
789 3945 906 4024 utpote
923 3877 1112 4026 spiritualis.

44 4025 98 4108 (2.)
113 4027 251 4114 Concipi
268 4032 383 4114 nequit
391 4025 558 4112 quomodo
573 4028 721 4110 seipsam
732 4025 915 4090 destrueret
926 4028 1047 4105 anima,
1062 4029 1117 4096 vet

43 4111 75 4172 ab
89 4113 197 4178 aliare
211 4122 323 4180 creata
333 4113 564 4178 destrueretur.
599 4112 669 4194 (8.)
684 4111 788 4176 Nullo
799 4117 994 4194 argumento
1005 4119 1115 4196 potest

42 4197 170 4278 probari,
186 4199 296 4266 Deum
307 4201 392 4268 velle
406 4198 589 4266 annihilare
599 4200 754 4273 animam,
770 4199 836 4262 im'd
845 4197 976 4282 probari
988 4205 1110 4282 potest,

43 4279 140 4350 Deum
155 4287 244 4356 nolle
258 4306 331 4356 eam
341 4283 540 4366 annihilem
562 4303 639 4352 nam
650 4285 726 4352 oum
736 4284 867 4372 justitia
878 4281 943 4350 Dei
954 4285 1112 4370 postolat
