3000 4998
363 417 428 484 210
682 422 885 480 ruaonuurs
906 417 1130 477 cnsrsmrsr.
1232 406 1320 495 [Lib.
1343 409 1434 474 vill.

366 589 414 652 tia
424 590 521 672 pouit
532 591 754 671 peccatum,et
764 585 910 648 admittit
920 583 1175 646 satisfactionem
1189 601 1249 665 pro
1258 587 1444 666 peccatore3

367 673 592 738 misericordia
608 671 746 735 remittit
767 673 934 754 peccatori
954 669 1101 732 debitum
1119 677 1255 751 propter
1279 668 1446 731 satisfacti·

368 779 465 822 ouem
478 760 614 841 justitie
630 757 775 819 oblatam
791 759 812 819 d
827 755 921 830 vade,
943 757 990 818 sic
1004 757 1198 828 satisfactio
1209 761 1245 816 et
1255 756 1406 816 remissio
1418 755 1445 813 iu

369 845 433 910 bdc
445 863 480 907 ra
493 845 626 906 minime
640 843 701 905 sibi
712 849 935 926 opponuntur,
956 841 1138 903 satisfactio
1162 841 1250 902 euim
1266 839 1339 901 fita
1362 837 1447 911 rade,

370 931 518 995 remissio
530 929 624 992 uobis
634 927 682 990 bt.

414 1014 477 1078 lV.
501 1015 580 1079 Nun
602 1033 734 1078 necesse
755 1016 868 1096 itaque
890 1013 964 1088 fuit,
995 1017 1034 1074 nt
1063 1015 1255 1095 peccatores
1280 1011 1342 1092 ipsi
1369 1009 1450 1070 satis·

370 1102 529 1165 facerent.
575 1099 700 1162 Verum
725 1100 803 1182 quia
824 1097 956 1161 videtur
969 1101 1171 1160 contrarium
1187 1098 1337 1179 justitia,
1360 1095 1449 1154 utiu-

371 1205 496 1251 nocens
521 1204 580 1269 pro
604 1189 668 1248 reis
692 1183 867 1268 plectatur.
912 1183 1174 1266 Respondemus,
1212 1181 1239 1244 l.
1263 1181 1339 1243 Nec
1361 1179 1450 1242 verbo

372 1273 450 1348 Dei,
473 1291 533 1334 uec
549 1273 634 1334 inter
655 1279 772 1350 gentes
791 1269 989 1345 inauditnm,
1013 1275 1050 1331 ut
1070 1269 1155 1330 alter
1176 1269 1304 1350 peccati
1327 1265 1451 1327 alterius

370 1377 502 1444 prauam
528 1357 622 1430 ferat,
644 1355 734 1438 qnod
761 1353 982 1438 probavimus,
1004 1373 1104 1436 quum
1127 1351 1168 1416 de
1190 1359 1329 1434 peccato
1345 1350 1450 1414 Adami

372 1443 526 1506 diximus.
559 1441 589 1503 2.
608 1441 705 1505 Hanc
721 1441 988 1503 substitutionem
1005 1447 1111 1501 totum
1128 1437 1256 1501 cultum
1274 1437 1450 1500 Leuiticum
1483 1489 1484 1518 ,

370 1528 502 1602 dooere,
518 1530 552 1588 iu
569 1547 634 1609 quo
648 1529 834 1608 peccatoris
849 1527 960 1588 locum
976 1527 1086 1588 subire
1102 1524 1229 1586 solebat
1245 1525 1390 1594 victima,
1411 1521 1451 1581 lu·
1483 1519 1484 1554 l

370 1617 460 1676 itura
482 1631 612 1694 prauam
640 1614 754 1674 mortis
779 1614 810 1674 ei
836 1611 993 1674 debitam.
1038 1609 1116 1673 Huc
1142 1611 1286 1692 pertinet
1309 1607 1452 1670 solemnis

370 1701 454 1760 ritus
475 1699 497 1760 i
515 1707 691 1780 peccatore
718 1699 871 1772 usitatus,
893 1715 1010 1758 manus
1033 1697 1175 1758 victime
1202 1693 1403 1778 imponendi,
1423 1697 1452 1752 et

372 1784 429 1846 ille
446 1785 551 1867 quiin
568 1783 652 1846 ferto
674 1783 917 1866 propitiationis
932 1781 1164 1863 usurpabatur,
1186 1781 1220 1842 in
1235 1799 1302 1863 quo
1317 1796 1453 1842 summus

373 1869 528 1933 sacerdos
549 1868 709 1932 ambabus
733 1867 887 1929 manibus
907 1869 1018 1930 nitens
1038 1885 1140 1948 super
1153 1871 1257 1946 copul
1271 1863 1375 1928 Hirci
1388 1861 1453 1926 Ha·

372 1957 481 2028 κακοὶ,
501 1952 719 2033 suspicabatur
732 1970 832 2034 cuper
842 1955 956 2033 ipsum
969 1949 1235 2032 mecsfiliorum
1251 1951 1394 2014 Incolis
1408 1951 1454 2010 iu-

373 2041 546 2122 a'puifufcs,
569 2057 651 2120 quas
672 2038 783 2100 hircus
806 2038 862 2099 ille
885 2046 1018 2118 portare
1040 2037 1222 2099 dicebatur.
1266 2035 1370 2098 Lerit.
1390 2037 1454 2094 xvi.

372 2123 427 2198 21,
442 2123 495 2184 22.
539 2123 569 2184 3.
595 2121 681 2183 lllnd
697 2123 900 2184 contrarium
921 2121 1054 2183 minime
1070 2141 1140 2185 esse
1150 2123 1298 2204 justitia,
1318 2122 1346 2182 si
1361 2117 1455 2182 morlo

372 2207 444 2270 bmc
459 2207 686 2269 observentur.
729 2207 799 2285 (1.)
816 2205 862 2268 Ut
878 2213 1053 2288 peccatum
1078 2211 1248 2290 puniatur,
1270 2223 1367 2290 praua
1387 2223 1456 2287 pec·

373 2297 451 2356 cato
462 2289 727 2390 proportionale.
771 2290 840 2372 (ἰ.)
856 2289 903 2353 Ut
916 2291 984 2392 ille,
1006 2294 1062 2374 qui
1080 2293 1248 2374 plectitur,
1268 2307 1456 2356 cunsernum

372 2377 650 2527 :illitati
665 2375 990 2525 {trattati
1012 2377 1457 2544 ¹¹<¹fJ²iiiri0⁰li²¹sslfbl

374 2555 495 2614 auctor
509 2556 544 2612 et
560 2549 736 2624 Dominus,
758 2550 814 2632 qui
836 2549 939 2630 possit
954 2547 996 2610 de
1011 2567 1050 2611 ea
1065 2567 1125 2630 pro
1142 2548 1237 2612 libitu
1254 2555 1406 2621 statuere,
1426 2553 1456 2606 et

374 2637 460 2698 citra
473 2637 665 2718 cujusquam
679 2634 914 2717 prejudicium.
958 2636 1027 2716 (t.)
1044 2633 1090 2697 Ut
1104 2640 1200 2716 sirpo,
1218 2638 1375 2718 pretium,
1394 2630 1453 2692 suf·

372 2719 487 2782 ficiens
512 2725 666 2802 prestare
689 2721 802 2799 possit,
822 2737 883 2802 pro
906 2720 956 2786 iis,
979 2739 1038 2800 pro
1059 2721 1179 2804 quibus
1194 2719 1361 2803 fidejubet,
1380 2717 1458 2780 alias

372 2804 500 2866 inutilis
516 2805 601 2866 foret
616 2803 820 2866 substitutio.
863 2804 932 2883 (5.)
955 2805 1001 2869 Ut
1013 2825 1080 2868 non
1097 2813 1211 2889 pereat
1230 2809 1264 2868 iu
1281 2805 1458 2890 supplicio,

372 2887 433 2952 aed
448 2889 589 2972 propriis
604 2888 726 2951 viribus
740 2907 782 2951 ex
797 2890 836 2950 iis
850 2907 1018 2970 emergere
1033 2894 1146 2974 possit,
1167 2891 1248 2954 aliis
1263 2909 1396 2956 summa
1409 2889 1456 2950 de·

372 2979 425 3038 ret
439 2973 562 3058 injuria
576 2973 713 3048 mundo,
729 2976 755 3036 si
767 2974 900 3036 bomine
915 2977 971 3058 pio
986 2995 1099 3040 carere
1114 2983 1298 3059 cogeretur.
1334 2979 1402 3057 (a.)
1418 2973 1457 3036 Ut

371 3061 477 3144 possit
491 3064 619 3122 sontem
634 3058 677 3122 ad
692 3059 860 3124 meliorem
877 3059 1034 3124 reducere
1049 3063 1188 3143 frugem,
1204 3081 1280 3126 uam
1292 3062 1377 3126 alias
1391 3079 1457 3143 pec·

373 3145 472 3210 caudi
488 3145 623 3209 licentia
638 3152 808 3220 cresceret,
831 3154 865 3209 et
888 3149 1067 3210 maximum
1084 3147 1270 3230 respublica
1284 3147 1458 3211 detrimen·

371 3235 446 3295 turn
469 3237 648 3314 pateretur,
680 3234 718 3308 si,
748 3233 953 3312 interemptis
979 3234 1111 3314 optimis
1141 3232 1279 3307 civibus,
1312 3231 1457 3298 scelerati

372 3319 564 3398 superstites
578 3323 697 3380 esseut.
729 3317 798 3397 (7.)
815 3317 861 3380 Ut
876 3321 1061 3380 consentiat
1076 3337 1223 3382 summus
1233 3318 1355 3401 judex.
1397 3317 1459 3398 (8.)

374 3399 423 3466 Ut
436 3404 595 3468 innocens
610 3403 653 3463 sit
667 3401 814 3484 ejusdem
830 3409 955 3464 nature
968 3423 1044 3466 curn
1061 3410 1166 3478 sonte,
1190 3412 1227 3464 ut
1242 3412 1419 3487 peccatum
1430 3407 1456 3463 iu

374 3485 490 3552 adem
515 3491 647 3560 natura,
668 3505 741 3568 quas
766 3487 917 3569 peccarit
940 3487 1114 3568 plectatur,
1135 3501 1171 3552 et
1190 3491 1237 3552 sic
1257 3488 1358 3554 detur
1374 3491 1458 3552 satis-

371 3573 528 3638 factionis
543 3573 744 3633 commuuio.

415 3658 459 3722 V.
483 3657 603 3720 Positis
618 3657 668 3719 bis
683 3655 928 3720 conditionibus
949 3659 1041 3722 nulla
1055 3659 1092 3723 nt
1102 3661 1239 3744 justitie
1254 3661 1393 3744 injuria,
1407 3658 1457 3724 sed

369 3743 449 3810 inde
463 3747 568 3825 patet,
589 3745 666 3804 istas
682 3761 796 3805 omues
811 3744 1017 3828 conditiones
1040 3747 1074 3808 in
1088 3745 1225 3810 Christo
1250 3757 1401 3830 repertas
1416 3747 1458 3808 fu·

370 3829 446 3907 isse,
461 3826 550 3890 uude
563 3827 717 3904 infertur,
731 3849 808 3891 eum
825 3831 970 3911 potuisse
983 3849 1053 3893 esse
1068 3833 1185 3896 vadem
1202 3836 1333 3914 generis
1350 3834 1457 3895 bums·

370 3919 417 3980 ni.
463 3914 552 3978 Nam
578 3915 605 3978 l.
628 3913 675 3978 Ut
691 3914 872 3978 videbimus
887 3918 920 3978 iu
937 3917 1160 3999 sequentibus,
1183 3928 1363 4000 peccatum
1375 3923 1407 3982 in
1423 3937 1457 3979 eo

371 4001 539 4086 punitum,
560 3999 744 4084 etquidem
760 4019 857 4084 praua
871 4000 1019 4082 infinifd.
1064 4003 1094 4066 2.
1120 4003 1285 4066 Dominus
1306 4005 1375 4067 fuit
1390 4007 1456 4064 vita

369 4105 448 4163 auu,
474 4085 551 4150 Job·
567 4103 600 4149 x.
621 4087 668 4152 18.
690 4105 779 4151 acuto
795 4089 882 4153 tullii
902 4089 1088 4152 ociosum
1108 4109 1168 4163 mc,
1189 4091 1248 4154 aad
1261 4109 1324 4173 ago
1340 4091 1458 4172 depono

369 4189 446 4234 cnm
464 4189 529 4254 par
549 4189 600 4235 ma
621 4173 745 4255 ipsum,
768 4173 1001 4238 auctoritatam
1020 4173 1121 4248 dobeo
1140 4193 1214 4238 eom
1236 4175 1459 4254 depmmdtet

362 4273 441 4318 eoas
466 4275 586 4321 nereus
610 4259 814 4325 mimano.
857 4260 888 4324 8.
912 4258 1118 4343 lpsclubeus
1137 4277 1173 4326 aa
1187 4260 1322 4340 obtulit,
1348 4263 1400 4328 Pr.
1414 4257 1458 4322 xl
