3000 5006
381 433 447 510 ³24
698 445 901 498 rnnouoera
922 443 1147 496 curremus.
1303 427 1472 514 [Laut.

383 613 472 674 enim
488 605 639 692 probibet
661 607 824 688 privatam
842 603 946 680 Dens,
966 621 1033 666 non
1050 599 1213 685 Justaade
1230 600 1326 664 malis
1349 621 1477 686 pinnas.

385 695 465 762 Non
483 695 540 776 jus
562 691 649 765 belli,
672 689 759 776 quod
782 693 814 752 in
832 683 1160 752 reteriTestamento
1176 687 1317 760 iicitnm,
1332 693 1369 750 in
1389 709 1478 750 novo

383 799 452 845 non
479 781 713 861 improbatum,
734 777 810 840 bino
825 775 859 838 in
886 774 1092 858 Apocalypsi
1117 776 1207 836 varia
1236 771 1321 834 betia
1344 777 1480 856 piorum

384 863 628 954 praedicantur:
650 862 705 924 sed
722 859 763 924 de
787 860 883 922 bisin
901 855 1159 935 Etnrctnosut„
1203 855 1237 920 N
1240 859 1479 938 onbumicrdi·

384 969 441 1015 am
467 947 555 1034 quod
583 955 732 1032 patratur
756 948 919 1008 adverm
941 949 1121 1008 vincentum
1147 941 1393 1028 aggressorem,
1423 944 1479 1007 sed

386 1053 464 1100 aum
487 1037 536 1098 bia
556 1031 721 1098 cancellis.
769 1033 796 1092 i.
820 1029 867 1094 Ut
889 1029 1041 1093 defensor
1066 1035 1161 1092 extra
1184 1049 1315 1093 ornnem
1342 1032 1494 1113 cuipam,

385 1123 580 1197 collocetur,
603 1139 664 1182 neo
691 1117 721 1180 ei
748 1113 845 1179 detur
868 1119 921 1180 via
936 1114 1098 1176 elabendi.
1143 1115 1173 1176 2.
1192 1113 1240 1178 Ut
1254 1115 1292 1192 iu¹
1303 1119 1381 1198 ipso
1405 1133 1478 1178 con·

386 1227 500 1292 gressu
516 1205 573 1270 fiat
594 1201 818 1268 homicidium.
863 1203 891 1264 8.
920 1200 965 1266 Ut
980 1199 1013 1262 id
1037 1197 1158 1289 fiatpex
1185 1201 1256 1262 sola
1277 1197 1478 1264 defensionis

386 1295 581 1356 intentione.
628 1285 706 1354 Non
733 1287 946 1350 homicidium
976 1287 1123 1358 comate,
1149 1284 1242 1366 quod
1268 1305 1336 1348 non
1372 1295 1477 1368 potest

387 1377 570 1464 praevideri.
613 1373 676 1439 Sed
711 1382 842 1435 vetatur
871 1373 898 1434 i.
930 1387 1027 1434 omne
1051 1371 1265 1436 homicidium
1287 1373 1477 1454 privatum,

388 1463 478 1550 quod
500 1459 629 1546 privati
643 1462 843 1522 auctoritate
854 1465 888 1520 et
897 1453 979 1519 'dolo
996 1455 1095 1531 maio,
1112 1459 1180 1516 sive
1198 1475 1240 1520 ex
1259 1457 1336 1520 odio
1358 1469 1396 1520 et
1413 1461 1477 1520 rin·

388 1551 485 1612 dictu
497 1547 619 1626 studio,
631 1549 700 1608 sire
712 1547 744 1606 id
757 1541 813 1606 fiat
826 1546 869 1621 ri,
885 1546 953 1605 sive
965 1547 1050 1615 astu,
1066 1542 1134 1602 sive
1147 1541 1244 1617 terro,
1256 1545 1325 1607 sive
1338 1563 1478 1619 veneno,

386 1637 456 1698 sire
473 1633 610 1708 directe,
626 1635 693 1694 rire
710 1629 877 1692 indirecte.
904 1625 936 1694 2.
951 1623 1097 1706 etraxrqia
1111 1623 1176 1710 qui
1192 1641 1349 1710 peocatur
1365 1633 1400 1691 in
1415 1627 1476 1692 De·
1493 1625 1494 1646 ³

388 1739 457 1796 nm,
470 1721 503 1782 iu
519 1721 684 1802 seipsum,
701 1717 735 1778 in
751 1713 1001 1796 rempublicam,
1017 1715 1050 1776 in
1064 1713 1279 1788 remittamus
1294 1715 1478 1778 eeclesiam.
1493 1737 1494 1760 ³

389 1805 542 1870 Hancne
556 1803 691 1866 Etbniei
707 1799 853 1884 quidem,
870 1799 985 1862 saltem
998 1801 1142 1860 saniores
1165 1797 1362 1880 probarunt.
1406 1797 1477 1862 Vir·

387 1890 486 1974 gilius
501 1891 555 1952 tib.
572 1889 615 1953 ri.
633 1885 769 1950 AEneid.
787 1893 893 1968 putat,
909 1905 964 1948 eos
986 1885 1040 1968 qui
1061 1901 1131 1946 sese
1152 1885 1362 1964 occiderunt,
1375 1885 1397 1950 d
1409 1887 1494 1950 bea-1

381 1983 498 2041 torum
510 1975 701 2039 conditione
715 1983 884 2058 separatos
896 1992 976 2034 esse.
1198 1987 1200 1992 ·
1493 2013 1494 2016 ,

550 2147 684 2204 Proximo
697 2145 796 2202 deinde
809 2151 900 2201 terreat
913 2147 1000 2202 murti
1013 2145 1083 2206 lata.
1093 2143 1141 2218 qui
1153 2143 1205 2201 ribi
1215 2143 1321 2202 mian

551 2227 673 2282 toronus
684 2241 812 2300 peperere
826 2241 920 2293 muru,
936 2225 1074 2298 iaccemprae
1084 2227 1175 2299 perosi

550 2303 694 2380 Proiecme
706 2305 813 2359 unimur
827 2301 878 2361 &a

391 2481 595 2569 Pythagorei
607 2477 763 2560 dicebant
774 2497 835 2543 nos
842 2477 874 2542 in
886 2477 949 2542 boo
962 2476 1085 2542 mundo
1096 2495 1166 2542 esse
1175 2479 1194 2544 i
1203 2475 1278 2543 Deo
1287 2479 1478 2560 collocator.
1493 2521 1494 2552 r

389 2569 529 2634 velutin
545 2569 708 2644 statioue;
732 2583 774 2629 ex
790 2583 858 2650 qua
872 2565 942 2628 sine
957 2565 1164 2648 imperatoris
1178 2585 1338 2630 consensu
1355 2587 1418 2632 non
1436 2572 1479 2633 sit
1493 2571 1494 2630 ξ

322 2711 324 2718 ,
388 2651 610 2738 migrandum.
654 2655 686 2716 8.
709 2651 843 2726 Dustdr,
870 2671 940 2734 que
963 2649 1256 2714 rationuliaiioita
1270 2653 1403 2718 reddere
1421 2675 1479 2736 po·

390 2747 477 2814 test;
499 2739 653 2800 nouvaui
672 2737 804 2800 bonori
814 2737 972 2812 defensio,
995 2755 1060 2798 non
1074 2733 1227 2799 vindictae
1235 2743 1399 2814 executio,
1413 2761 1480 2804 non

391 2825 537 2888 oriminis
563 2824 727 2904 purgatio.
771 2821 801 2884 4.
828 2821 948 2884 Odium
972 2823 1136 2886 uindictae
1154 2821 1313 2900 stadium,
1334 2827 1480 2902 inuidia,

391 2907 601 2984 masmim,
622 2907 774 2972 convitia
797 2909 831 2970 in
857 2905 1073 2982 sermonibus,
1095 2915 1129 2970 et
1155 2910 1291 2972 interne
1306 2911 1481 2974 iracundie

392 3003 525 3070 motus;
547 2991 637 3076 quod
662 2991 903 3056 observandum
919 2989 1076 3054 adversae
1096 2984 1334 3060 Pharis'ae'orum
1347 2997 1482 3080 glossam.

392 3079 424 3145 b.
447 3075 706 3162 Quicquidoum
724 3075 803 3142 veri
820 3085 855 3141 et
868 3075 995 3140 sinceri
1011 3081 1150 3161 proximi
1163 3077 1353 3158 dilectione,
1367 3094 1427 3146 aut
1439 3083 1481 3147 ie·

392 3163 508 3248 gitimd
523 3167 572 3228 sui
591 3163 782 3228 defensione
808 3169 946 3247 pugnat,
970 3164 1094 3228 Mattb.
1118 3185 1147 3228 v.
1165 3165 1203 3228 21
1242 3163 1321 3230 Ler.
1336 3171 1405 3232 xix.
1434 3171 1481 3246 17,

396 3253 434 3316 18
462 3249 566 3315 Zaoh.
583 3251 649 3312 viii.
668 3249 716 3327 16,
736 3249 784 3312 i'i.
829 3249 1054 3314 Presoribitur
1062 3251 1203 3336 proximi
1214 3242 1372 3327 deieasio,
1386 3257 1481 3320 auxi·

393 3337 487 3412 lium,
502 3354 606 3410 amor,
630 3333 860 3407 mansuetudo,
882 3335 1067 3398 concordio
1084 3345 1118 3400 et
1135 3340 1224 3420 pacis
1237 3337 1395 3404 studium.

436 3421 498 3486 xl.
520 3421 667 3506 Septiato
678 3419 1056 3504 procspuprotrberur
1070 3425 1176 3486 omnis
1198 3421 1333 3488 illinitus
1359 3445 1478 3492 concu-

392 3507 493 3572 bitus.
541 3507 567 3568 l.
598 3509 776 3581 scortatio,
800 3505 901 3570 Hebr.
933 3508 1001 3569 xiii.
1032 3505 1065 3570 4.
1118 3507 1406 3592 {Aradarum
1451 3515 1479 3576 3.

395 3593 556 3658 lucratus.
610 3593 641 3653 4.
667 3593 812 3672 Raptus.
865 3592 896 3653 5.
922 3587 1178 3657 Oonmrba‘rrotus.
1232 3595 1262 3656 6.
1288 3591 1494 3680 Notandum}

394 3679 639 3744 Sodomitarum
667 3695 801 3742 crimea.
860 3677 890 3740 7.
924 3677 1127 3762 Potpgumie
1152 3679 1371 3758 ermenoara,
1416 3687 1494 3767 quei

393 3771 522 3915 dit
532 3759 1421 3918 '‘t'‘iitrir'ttttttttitjtztrid·{³
1436 3771 1482 3918 ²1⁴1·

392 3938 448 4020 qui
462 3936 544 4011 ruit,
567 3939 604 3998 nt
618 3933 745 4016 conjux
759 3953 825 3996 non
835 3895 964 3998 babeat
973 3933 1114 4018 ampiibs
1128 3937 1291 4020 corpusia
1302 3873 1365 4019 add
1379 3875 1484 4023 pddbs3

282 4083 284 4090 ,
392 4027 462 4086 tate
482 4023 494 4084 i
514 4019 592 4084 Cor.
609 4021 664 4083 rii.
679 4023 710 4082 4.
754 4021 785 4084 8.
808 4019 925 4088 Quiris
935 4024 1059 4104 turpes,
1082 4021 1135 4085 vei
1147 4041 1321 4100 eumenes,
1341 4027 1397 4088 vet
1412 4039 1494 4114 gea-i

392 4114 467 4180 tarr
486 4106 560 4169 Cot
575 4107 620 4170 iii.
637 4107 668 4172 8.
683 4105 769 4189 upa.
781 4107 825 4169 ir.
838 4105 889 4170 29.
905 4105 1001 4169 Rom.
1019 4105 1088 4170 xiii.
1105 4109 1152 4172 tt.
1183 4107 1211 4172 9.
1224 4109 1309 4178 Quic
1333 4108 1392 4176 uid
1407 4121 1494 4176 tem-i

392 4195 548 4276 perantia
568 4199 603 4255 et
623 4191 792 4254 sobrietati
818 4189 1012 4256 Christiania
1036 4201 1208 4275 repugnat.
1256 4129 1484 4262 roboretum

392 4279 639 4342 incontinentie
653 4277 803 4356 amotus,
824 4277 891 4342 imb
904 4277 1040 4344 illicitus
1053 4285 1219 4364 aspectus,
1241 4277 1369 4349 uorat.
1380 4303 1408 4350 r.
1425 4281 1479 4346 28
1493 4281 1494 4342 1
