2994 4996
2 327 4 438 l

51 480 138 565 Cap.
152 481 196 568 7.]
360 477 421 550 'ns
443 499 512 550 nno
535 501 606 550 uno
628 499 673 550 nr
695 501 813 552 russo.
1089 491 1130 556 tt

92 653 174 718 Vll.
200 653 282 720 Hec
298 654 460 721 indicasse
474 657 616 733 sufficit3
637 656 758 720 eddom
784 659 912 722 tontum
930 658 1039 722 Deum
1064 678 1138 724 nos·

50 745 136 804 irum
153 745 329 822 optimum,
352 746 409 825 qui
432 746 535 806 nostri
558 744 641 806 oded
656 745 808 806 misertus
824 751 885 818 est,
907 763 1030 826 nosque
1051 745 1136 811 oded

50 827 184 900 emerit,
207 838 241 888 et
257 835 356 902 ornet,
377 831 398 890 d
414 831 508 890 nobis
522 849 592 892 esse
607 838 814 912 summopere
828 828 1028 906 emendum
1048 823 1137 894 illius

51 914 216 994 promissis
239 933 309 976 esse
331 913 575 991 confidendum,
597 933 636 978 co
652 915 915 996 voluntatique,
938 935 1009 997 qore
1025 920 1136 980 omnin

52 999 147 1058 etiarn
167 999 312 1061 molend
330 1001 452 1062 bonum
474 1009 623 1063 nostrum
646 999 769 1082 dirigit,
790 1001 926 1064 omnind
940 1020 1010 1064 esse
1025 1007 1137 1084 ecqui·

2 1143 3 1146 ,
52 1085 240 1146 escendum.
881 1105 884 1114 ’

2 1163 3 1168 ’
88 1165 185 1230 Vlll.
211 1169 329 1233 Aruori
358 1164 544 1253 oppositum
573 1177 622 1234 est
651 1172 774 1247 odium
806 1171 897 1254 quod
923 1177 973 1234 est
998 1172 1136 1236 olt'ectus

53 1252 265 1336 displicentisc
280 1264 313 1317 et
328 1259 543 1338 separationis
557 1261 578 1320 ι
593 1256 732 1340 persond
742 1259 889 1322 dissimili
904 1265 938 1321 et
952 1255 1092 1340 ingruit,
1102 1261 1137 1320 in

55 1339 263 1416 Deo-notat,
304 1343 631 1424 improbationem
663 1345 801 1424 pcccati.
853 1345 883 1408 2.
919 1343 1136 1408 Voluntatem

53 1425 205 1506 puniendi
222 1435 443 1508 peecatorem,
465 1449 563 1510 quom
584 1434 733 1512 sequitur
747 1448 854 1512 piene.
897 1431 928 1494 3.
953 1427 1137 1512 Negation-

55 1531 100 1570 em
116 1513 278 1574 bonorum
295 1512 426 1576 illorum
440 1517 644 1588 salutarium,
661 1535 732 1597 quae
744 1533 784 1576 ex
794 1515 857 1578 Dei
871 1513 1145 1578 bonitatelluunt.

56 1595 143 1658 Loca
158 1598 350 1678 Scriptum,
372 1603 405 1661 in
428 1601 546 1681 quibus
567 1600 609 1680 de
631 1601 707 1662 odio
733 1601 796 1662 Dei
821 1601 978 1682 loquitur,
1000 1606 1076 1664 sunt
1092 1603 1140 1662 in·

56 1701 197 1744 numeru.
269 1683 319 1746 Ps.
338 1705 365 1744 v.
385 1686 414 1746 7.
453 1685 565 1749 Odisti
590 1705 699 1750 omnes
713 1691 889 1767 operantes
914 1689 1135 1769 iniquitatem.

57 1767 157 1830 berit.
176 1771 266 1830 xxvi.
279 1771 330 1832 30.
357 1770 409 1834 Ps.
422 1773 499 1834 xib
533 1771 605 1834 lac.
622 1774 665 1834 ir.
680 1773 712 1834 4.
738 1771 839 1846 Deut.
851 1773 906 1834 xii.
924 1773 976 1834 31.
1001 1771 1053 1832 Ps.
1066 1771 1134 1834 xlv.

56 1855 81 1914 8.
106 1855 156 1916 Ps.
175 1857 244 1916 xxi.
262 1857 290 1916 7.
316 1855 411 1918 Prov.
433 1859 473 1916 ri.
492 1857 537 1918 16.
557 1858 602 1918 17.
649 1857 841 1918 Gravissimi
870 1857 934 1918 Dei
958 1855 1023 1918 odii
1039 1855 1136 1918 effec-

56 1945 117 2000 tum
129 1953 180 2000 est
190 1939 328 2003 inflictio
341 1944 455 2004 mortis
466 1949 605 2004 aeteruae.
638 1942 692 2004 Ab
703 1941 761 2004 illo
773 1943 850 2004 odio
863 1941 926 2003 Dei
939 1940 1137 2016 cavendum,

56 2028 189 2108 iledque
206 2025 284 2088 odio
300 2046 429 2089 summo
445 2033 617 2108 peccatum
641 2033 691 2088 est
712 2025 997 2110 prosequendum
1030 2025 1136 2089 solum

9 2175 15 2181 ,
55 2129 134 2173 eninr
153 2125 329 2192 peccatum
345 2113 459 2175 odium
477 2113 541 2174 Dei
562 2115 709 2176 incurrit.

90 2197 152 2258 lX.
177 2195 231 2260 Ad
247 2217 391 2261 amorem
408 2199 472 2262 Dei
489 2201 654 2280 pertinent
668 2203 741 2281 ηἰιε
756 2198 924 2262 desideria
944 2198 1005 2282 dc.
1049 2197 1137 2262 Boni

52 2281 197 2345 absentio
221 2283 425 2347 desiderium
449 2287 585 2360 excitet,
606 2291 641 2347 et
661 2288 736 2347 cdm
754 2285 847 2348 Deus
868 2285 1021 2347 omnibus
1042 2283 1138 2347 bonis

50 2368 185 2442 fructur,
208 2367 406 2432 desiderium
432 2372 466 2431 in
492 2371 599 2452 ipsum
627 2373 757 2453 proprie
773 2370 890 2434 cedere
905 2389 973 2432 non
989 2389 1084 2452 posse
1099 2363 1138 2432 li·

51 2463 136 2536 quet,
159 2463 273 2516 lemen
290 2457 444 2518 tribuitur
460 2474 525 2516 non
543 2461 616 2520 rard
630 2459 664 2517 in
679 2451 853 2537 scriptnrd,
868 2461 902 2516 et
915 2456 980 2518 buc
996 2455 1138 2518 reteren-

53 2539 177 2602 desunt
189 2541 302 2602 omnio
315 2541 398 2611 loce,
416 2543 446 2602 in
461 2542 580 2623 quibus
593 2541 684 2603 Deus
696 2545 743 2604 itc
754 2543 891 2623 inquens
902 2539 1136 2615 introducitur;

53 2623 97 2686 Ps.
116 2626 223 2688 lxxxi.
250 2627 296 2688 ll.
343 2626 482 2690 Utinam
494 2629 641 2708 populus
666 2646 757 2690 meus
777 2627 1028 2705 obtemperasset
1042 2623 1136 2688 milri.

54 2709 88 2770 ls.
101 2713 209 2773 xlviii.
227 2713 274 2776 18.
300 2711 381 2775 Luc.
394 2714 463 2774 xix.
479 2712 531 2772 42.
579 2712 787 2776 Desiderium
803 2710 883 2774 illud
900 2713 1042 2774 notatio
1060 2711 1136 2774 Deo

51 2811 173 2874 gratem
190 2816 262 2858 esse
278 2800 338 2880 ipsi
354 2804 562 2880 summopere
577 2798 798 2861 obedientiam
816 2797 967 2873 bominis,
989 2817 1050 2860 nec
1063 2815 1137 2860 eern

53 2883 239 2946 relicturam
255 2901 325 2946 esse
346 2884 470 2965 obsque
493 2886 638 2966 proemio,
660 2884 715 2946 sed
732 2884 829 2946 simul
845 2883 981 2958 indicet,
1007 2884 1031 2946 l.
1057 2881 1137 2946 Olli·

51 2969 133 3030 cium
151 2969 304 3032 bominis.
348 2971 378 3031 2.
404 2969 485 3050 Ejus
501 2988 666 3031 summum
682 2971 818 3042 crimen,
833 2972 860 3030 si
872 2967 929 3030 toli
942 2987 1008 3031 non
1020 2969 1138 3032 deiun-

50 3061 144 3132 gutur
171 3053 292 3117 officio.
347 3054 436 3118 Huic
460 3053 621 3117 desiderio
647 3055 827 3136 opponitur
856 3055 1037 3124 aversatio,
1070 3049 1136 3134 qud

51 3137 142 3202 Deus
160 3147 299 3222 peccate
314 3147 348 3202 et
363 3142 500 3204 exitium
518 3147 675 3202 creature
686 3140 829 3200 eversori
841 3144 874 3198 et
887 3137 994 3198 odisse
1005 3137 1137 3198 dicitur.

89 3225 134 3286 X·
164 3225 215 3288 Ex
226 3226 322 3288 dictis
335 3231 425 3308 petet
440 3223 518 3308 quid
530 3225 639 3306 despe
653 3223 728 3298 Dei,
744 3223 815 3304 ejus
826 3222 965 3306 gaudio,
980 3221 1136 3296 tristitie,

48 3313 210 3396 zelotypia
224 3312 284 3394 dc.
304 3311 534 3392 judicandum.
577 3311 662 3391 Spes
688 3317 722 3372 et
742 3310 932 3389 expectatio
947 3311 979 3370 in
998 3307 1071 3371 Deo
1088 3311 1135 3372 in·

49 3402 117 3460 nuit
133 3417 202 3460 rem
219 3417 290 3460 esse
305 3397 463 3473 debitam,
484 3400 542 3470 ite,
558 3416 659 3479 quum
677 3395 769 3458 Deus
785 3394 916 3458 dicebat
938 3395 1021 3456 ls.r:
1038 3395 1068 3458 2.
1101 3409 1142 3458 sc·

49 3486 250 3564 expectasse,
271 3486 310 3546 ut
325 3487 428 3547 vineo
445 3484 557 3564 ipsius
579 3481 775 3564 produceret
798 3499 896 3557 uvas,
918 3479 1137 3562 significnbet,

50 3572 177 3632 rineem
193 3571 290 3632 istem
307 3569 435 3632 tructus
446 3567 492 3630 illi
504 3567 667 3644 debuisse,
682 3587 743 3632 nec
756 3569 900 3650 potuisse
915 3567 984 3630 sine
1000 3567 1138 3630 crimine

49 3671 161 3718 cerere
192 3655 365 3718 lrnctibus.
410 3655 566 3718 Gaudere
592 3654 685 3718 Deus
715 3651 849 3728 dicitur,
881 3671 983 3736 quum
1013 3650 1139 3734 aliquid

50 3737 121 3804 Dec
139 3749 272 3822 gratnm
289 3749 349 3814 est,
364 3742 411 3804 sic
427 3759 530 3822 quum
548 3739 640 3802 Deus
654 3737 781 3822 aliquid
797 3745 941 3820 prestet,
962 3738 1052 3820 quod
1068 3738 1139 3817 ejus

49 3825 188 3905 gloriam
205 3827 358 3902 illustret,
374 3827 539 3902 etexerit3
563 3832 599 3888 ut
610 3825 745 3908 quondo
758 3823 925 3887 benefecit
939 3827 1011 3906 piis,
1027 3823 1142 3890 letare·

48 3911 180 3976 dicitur.
227 3911 321 3975 Dent
347 3931 426 3975 xxx.
443 3912 474 3975 8.
487 3914 517 3974 9.
551 3909 604 3972 vel
630 3908 761 3992 quondo
788 3911 918 3992 impios,
940 3909 1140 3990 praelrcctos,

48 4005 79 4059 et
94 4005 312 4062 contumaces
332 3997 459 4080 plectit.
498 3996 602 4060 Deut.
617 3997 732 4058 xxviii.
746 3995 797 4058 68.
823 3995 921 4056 Prov.
937 3995 958 4055 i.
975 3993 1027 4057 26.
1072 3993 1140 4058 Me·

47 4086 135 4146 tuere
152 4083 246 4148 Dens
260 4083 496 4158 introducitur,
520 4081 624 4144 Dent.
638 4081 740 4142 xxxii.
757 4081 809 4142 27.
832 4086 870 4142 nt
889 4077 1042 4142 ostendet
1057 4079 1140 4142 lerc-

46 4170 144 4232 elisas
159 4173 262 4252 megis
278 4170 423 4232 hostium
439 4164 551 4241 ceosd,
567 4167 665 4249 quem
681 4185 742 4228 suo
757 4165 875 4228 merito
891 4163 1028 4250 elapsos.
1071 4163 1141 4229 Ali-

48 4255 184 4336 quando
200 4263 308 4320 metus
325 4257 385 4338 ipsi
400 4253 569 4326 tribuitur,
591 4257 629 4326 ut
650 4250 839 4332 designetur
853 4262 1142 4334 eum-prevertere

47 4341 145 4418 selle,
167 4349 202 4408 et
214 4339 376 4425 impedire
389 4338 525 4422 aliquod
539 4338 674 4406 mulum.
724 4333 885 4402 Pristitr'c
900 4338 935 4402 iu
957 4336 1031 4403 Dec
1046 4342 1143 4403 notet
