<?xml version="1.0" encoding="UTF-8"?>
<!DOCTYPE html PUBLIC "-//W3C//DTD XHTML 1.0 Transitional//EN"
    "http://www.w3.org/TR/xhtml1/DTD/xhtml1-transitional.dtd">
<html xmlns="http://www.w3.org/1999/xhtml" xml:lang="en" lang="en">
 <head>
  <title>
</title>
<meta http-equiv="Content-Type" content="text/html;charset=utf-8" />
  <meta name='ocr-system' content='tesseract 3.04.00' />
  <meta name='ocr-capabilities' content='ocr_page ocr_carea ocr_par ocr_line ocrx_word'/>
</head>
<body>
  <div class='ocr_page' id='page_1' title='image "./theologiachrist00pictgoog_0338.png"; bbox 0 0 3000 5006; ppageno 0'>
   <div class='ocr_carea' id='block_1_1' title="bbox 321 745 1346 896">
    <p class='ocr_par' dir='ltr' id='par_1_1' title="bbox 321 745 1346 896">
     <span class='ocr_line' id='line_1_1' title="bbox 321 745 1346 896; baseline -0.003 -2"><span class='ocrx_word' id='word_1_1' title='bbox 321 745 334 816; x_wconf 74' lang='lat'><strong>²</strong></span> <span class='ocrx_word' id='word_1_2' title='bbox 404 795 866 894; x_wconf 73' lang='lat' dir='ltr'><strong>cunrsulnun</strong></span> <span class='ocrx_word' id='word_1_3' title='bbox 903 795 1346 896; x_wconf 72' lang='lat' dir='ltr'><strong>uunonoouu</strong></span> 
     </span>
    </p>
   </div>
   <div class='ocr_carea' id='block_1_2' title="bbox 609 1026 1142 1332">
    <p class='ocr_par' dir='ltr' id='par_1_2' title="bbox 609 1026 1142 1332">
     <span class='ocr_line' id='line_1_2' title="bbox 609 1026 1142 1134; baseline -0.004 -30"><span class='ocrx_word' id='word_1_4' title='bbox 609 1027 769 1104; x_wconf 81' lang='lat' dir='ltr'>LIBER</span> <span class='ocrx_word' id='word_1_5' title='bbox 807 1026 1142 1134; x_wconf 82' lang='lat' dir='ltr'><strong>UNDECiMUS.</strong></span> 
     </span>
     <span class='ocr_line' id='line_1_3' title="bbox 670 1225 1063 1332; baseline 0 -30"><span class='ocrx_word' id='word_1_6' title='bbox 670 1227 732 1302; x_wconf 76' lang='lat' dir='ltr'><strong>De</strong></span> <span class='ocrx_word' id='word_1_7' title='bbox 759 1225 1063 1332; x_wconf 69' lang='lat' dir='ltr'><strong>Sanctificatione.</strong></span> 
     </span>
    </p>
   </div>
   <div class='ocr_carea' id='block_1_3' title="bbox 446 1439 1064 1638">
    <p class='ocr_par' dir='ltr' id='par_1_3' title="bbox 446 1439 1064 1638">
     <span class='ocr_line' id='line_1_4' title="bbox 446 1439 980 1513; baseline 0 -45"><span class='ocrx_word' id='word_1_8' title='bbox 446 1471 457 1513; x_wconf 44' lang='grc' dir='ltr'><strong><em>ι</em></strong></span> <span class='ocrx_word' id='word_1_9' title='bbox 761 1439 980 1470; x_wconf 77' lang='grc' dir='ltr'><strong>...ι-</strong></span> 
     </span>
     <span class='ocr_line' id='line_1_5' title="bbox 666 1571 1064 1638; baseline -0.005 0"><span class='ocrx_word' id='word_1_10' title='bbox 666 1571 833 1638; x_wconf 77' lang='lat' dir='ltr'>&#39;CAPUT</span> <span class='ocrx_word' id='word_1_11' title='bbox 857 1571 1064 1638; x_wconf 77' lang='lat' dir='ltr'><strong>PRIMUM.</strong></span> 
     </span>
    </p>
   </div>
   <div class='ocr_carea' id='block_1_4' title="bbox 423 1746 1316 1900">
    <p class='ocr_par' dir='ltr' id='par_1_4' title="bbox 423 1746 1316 1900">
     <span class='ocr_line' id='line_1_6' title="bbox 423 1746 1316 1828; baseline -0.006 -16"><span class='ocrx_word' id='word_1_12' title='bbox 423 1753 549 1822; x_wconf 74' lang='lat' dir='ltr'><strong>Quirinii</strong></span> <span class='ocrx_word' id='word_1_13' title='bbox 562 1751 751 1828; x_wconf 67' lang='lat' dir='ltr'><strong>‘sensificatio</strong></span> <span class='ocrx_word' id='word_1_14' title='bbox 765 1753 792 1802; x_wconf 86' lang='lat' dir='ltr'><strong>et</strong></span> <span class='ocrx_word' id='word_1_15' title='bbox 808 1746 840 1804; x_wconf 81' lang='lat' dir='ltr'><strong>cle</strong></span> <span class='ocrx_word' id='word_1_16' title='bbox 854 1749 1016 1806; x_wconf 73' lang='lat' dir='ltr'><strong><em>connexione</em></strong></span> <span class='ocrx_word' id='word_1_17' title='bbox 1028 1749 1240 1823; x_wconf 70' lang='lat' dir='ltr'><strong>iustificationis</strong></span> <span class='ocrx_word' id='word_1_18' title='bbox 1253 1767 1316 1808; x_wconf 82' lang='lat' dir='ltr'><strong>cunr</strong></span> 
     </span>
     <span class='ocr_line' id='line_1_7' title="bbox 745 1827 997 1900; baseline 0.004 -15"><span class='ocrx_word' id='word_1_19' title='bbox 745 1828 971 1900; x_wconf 76' lang='lat' dir='ltr'><strong>Sanctificotionr</strong></span> <span class='ocrx_word' id='word_1_20' title='bbox 983 1827 997 1874; x_wconf 71' lang='lat' dir='ltr'><strong>i</strong></span> 
     </span>
    </p>
   </div>
   <div class='ocr_carea' id='block_1_5' title="bbox 312 1995 1425 4360">
    <p class='ocr_par' dir='ltr' id='par_1_5' title="bbox 312 1995 1425 3238">
     <span class='ocr_line' id='line_1_8' title="bbox 324 1995 1419 2127; baseline -0.005 -15"><span class='ocrx_word' id='word_1_21' title='bbox 324 1995 509 2114; x_wconf 80' lang='lat' dir='ltr'><strong>1.Vox</strong></span> <span class='ocrx_word' id='word_1_22' title='bbox 532 2045 832 2127; x_wconf 75' lang='lat' dir='ltr'><strong>Sanctificotionis,</strong></span> <span class='ocrx_word' id='word_1_23' title='bbox 855 2043 996 2106; x_wconf 76' lang='lat' dir='ltr'><strong>sumitur</strong></span> <span class='ocrx_word' id='word_1_24' title='bbox 1011 2041 1111 2106; x_wconf 77' lang='lat' dir='ltr'><strong>modo</strong></span> <span class='ocrx_word' id='word_1_25' title='bbox 1133 2059 1195 2125; x_wconf 89' lang='lat' dir='ltr'><strong>pro</strong></span> <span class='ocrx_word' id='word_1_26' title='bbox 1209 2043 1419 2125; x_wconf 69' lang='lat' dir='ltr'><strong>separatione</strong></span> 
     </span>
     <span class='ocr_line' id='line_1_9' title="bbox 316 2129 1419 2212; baseline -0.005 -14"><span class='ocrx_word' id='word_1_27' title='bbox 316 2134 436 2198; x_wconf 81' lang='lat' dir='ltr'><strong>abusu</strong></span> <span class='ocrx_word' id='word_1_28' title='bbox 452 2134 630 2205; x_wconf 78' lang='lat' dir='ltr'><strong>communi,</strong></span> <span class='ocrx_word' id='word_1_29' title='bbox 646 2131 732 2194; x_wconf 85' lang='lat' dir='ltr'><strong>etad</strong></span> <span class='ocrx_word' id='word_1_30' title='bbox 744 2149 840 2195; x_wconf 88' lang='lat' dir='ltr'><strong>osum</strong></span> <span class='ocrx_word' id='word_1_31' title='bbox 852 2147 981 2192; x_wconf 83' lang='lat' dir='ltr'><strong>socrum</strong></span> <span class='ocrx_word' id='word_1_32' title='bbox 995 2130 1262 2192; x_wconf 70' lang='lat' dir='ltr'><strong>consecratione:</strong></span> <span class='ocrx_word' id='word_1_33' title='bbox 1287 2129 1334 2191; x_wconf 85' lang='lat' dir='ltr'><strong>ita</strong></span> <span class='ocrx_word' id='word_1_34' title='bbox 1347 2147 1419 2212; x_wconf 84' lang='lat' dir='ltr'><strong>per·</strong></span> 
     </span>
     <span class='ocr_line' id='line_1_10' title="bbox 318 2214 1418 2297; baseline -0.003 -16"><span class='ocrx_word' id='word_1_35' title='bbox 318 2235 408 2281; x_wconf 71' lang='lat' dir='ltr'><strong>sono</strong></span> <span class='ocrx_word' id='word_1_36' title='bbox 423 2218 526 2279; x_wconf 88' lang='lat' dir='ltr'><strong>oultui</strong></span> <span class='ocrx_word' id='word_1_37' title='bbox 542 2215 655 2278; x_wconf 81' lang='lat' dir='ltr'><strong>divino</strong></span> <span class='ocrx_word' id='word_1_38' title='bbox 670 2215 843 2280; x_wconf 73' lang='lat' dir='ltr'><strong>destinato</strong></span> <span class='ocrx_word' id='word_1_39' title='bbox 858 2214 1054 2278; x_wconf 74' lang='lat' dir='ltr'>dicebantur</span> <span class='ocrx_word' id='word_1_40' title='bbox 1068 2219 1219 2286; x_wconf 62' lang='lat' dir='ltr'><strong>rander</strong></span> <span class='ocrx_word' id='word_1_41' title='bbox 1243 2215 1418 2297; x_wconf 84' lang='lat' dir='ltr'><strong>ternplum,</strong></span> 
     </span>
     <span class='ocr_line' id='line_1_11' title="bbox 321 2298 1417 2385; baseline -0.001 -19"><span class='ocrx_word' id='word_1_42' title='bbox 321 2320 410 2377; x_wconf 82' lang='lat' dir='ltr'><strong>roso,</strong></span> <span class='ocrx_word' id='word_1_43' title='bbox 431 2301 560 2385; x_wconf 85' lang='lat' dir='ltr'><strong>aliaque</strong></span> <span class='ocrx_word' id='word_1_44' title='bbox 572 2303 790 2364; x_wconf 82' lang='lat' dir='ltr'><strong>instrumento</strong></span> <span class='ocrx_word' id='word_1_45' title='bbox 800 2301 910 2366; x_wconf 82' lang='lat' dir='ltr'><strong>cultus</strong></span> <span class='ocrx_word' id='word_1_46' title='bbox 921 2299 1036 2374; x_wconf 80' lang='lat' dir='ltr'><strong>divini,</strong></span> <span class='ocrx_word' id='word_1_47' title='bbox 1052 2298 1259 2363; x_wconf 70' lang='lat' dir='ltr'><strong>vocabantur</strong></span> <span class='ocrx_word' id='word_1_48' title='bbox 1274 2307 1417 2382; x_wconf 62' lang='lat' dir='ltr'><strong>modos</strong></span> 
     </span>
     <span class='ocr_line' id='line_1_12' title="bbox 320 2383 1420 2458; baseline -0.001 -7"><span class='ocrx_word' id='word_1_49' title='bbox 320 2389 400 2451; x_wconf 82' lang='lat' dir='ltr'><strong>urbs</strong></span> <span class='ocrx_word' id='word_1_50' title='bbox 421 2385 605 2452; x_wconf 73' lang='lat' dir='ltr'>Jerusalem</span> <span class='ocrx_word' id='word_1_51' title='bbox 629 2385 751 2450; x_wconf 88' lang='lat' dir='ltr'><strong>dieitur</strong></span> <span class='ocrx_word' id='word_1_52' title='bbox 774 2390 921 2458; x_wconf 62' lang='lat' dir='ltr'><strong>saneim</strong></span> <span class='ocrx_word' id='word_1_53' title='bbox 946 2384 1038 2446; x_wconf 88' lang='lat' dir='ltr'><strong>Deus</strong></span> <span class='ocrx_word' id='word_1_54' title='bbox 1053 2383 1177 2448; x_wconf 85' lang='lat' dir='ltr'><strong>dieitur</strong></span> <span class='ocrx_word' id='word_1_55' title='bbox 1195 2387 1420 2450; x_wconf 82' lang='lat' dir='ltr'><strong>sancliiioaass</strong></span> 
     </span>
     <span class='ocr_line' id='line_1_13' title="bbox 319 2471 1418 2556; baseline -0.002 -19"><span class='ocrx_word' id='word_1_56' title='bbox 319 2475 409 2538; x_wconf 89' lang='lat' dir='ltr'><strong>diem</strong></span> <span class='ocrx_word' id='word_1_57' title='bbox 421 2473 588 2536; x_wconf 74' lang='lat' dir='ltr'><strong>sobborhi:</strong></span> <span class='ocrx_word' id='word_1_58' title='bbox 612 2473 710 2537; x_wconf 77' lang='lat' dir='ltr'><strong>ruodo</strong></span> <span class='ocrx_word' id='word_1_59' title='bbox 723 2493 782 2556; x_wconf 91' lang='lat' dir='ltr'><strong>pro</strong></span> <span class='ocrx_word' id='word_1_60' title='bbox 793 2473 977 2536; x_wconf 74' lang='lat' dir='ltr'><strong>sanctitate</strong></span> <span class='ocrx_word' id='word_1_61' title='bbox 980 2471 1158 2552; x_wconf 68' lang='lat' dir='ltr'><strong>slederoli,</strong></span> <span class='ocrx_word' id='word_1_62' title='bbox 1174 2491 1232 2554; x_wconf 88' lang='lat' dir='ltr'><strong>per</strong></span> <span class='ocrx_word' id='word_1_63' title='bbox 1243 2477 1418 2536; x_wconf 77' lang='lat' dir='ltr'><strong>externum</strong></span> 
     </span>
     <span class='ocr_line' id='line_1_14' title="bbox 320 2555 1419 2637; baseline 0.001 -15"><span class='ocrx_word' id='word_1_64' title='bbox 320 2563 543 2637; x_wconf 72' lang='lat' dir='ltr'><strong>vocationem,</strong></span> <span class='ocrx_word' id='word_1_65' title='bbox 566 2565 603 2620; x_wconf 91' lang='lat' dir='ltr'><strong>ut</strong></span> <span class='ocrx_word' id='word_1_66' title='bbox 626 2559 726 2622; x_wconf 73' lang='lat' dir='ltr'><strong>lsrael</strong></span> <span class='ocrx_word' id='word_1_67' title='bbox 749 2558 870 2622; x_wconf 83' lang='lat' dir='ltr'><strong>dieitur</strong></span> <span class='ocrx_word' id='word_1_68' title='bbox 895 2557 1064 2620; x_wconf 78' lang='lat' dir='ltr'><strong>sanctitur</strong></span> <span class='ocrx_word' id='word_1_69' title='bbox 1079 2555 1225 2634; x_wconf 75' lang='lat' dir='ltr'><strong>Jenwoe,</strong></span> <span class='ocrx_word' id='word_1_70' title='bbox 1247 2557 1315 2622; x_wconf 87' lang='lat' dir='ltr'><strong>Jer.</strong></span> <span class='ocrx_word' id='word_1_71' title='bbox 1332 2559 1366 2620; x_wconf 88' lang='lat' dir='ltr'><strong>ii.</strong></span> <span class='ocrx_word' id='word_1_72' title='bbox 1383 2560 1419 2624; x_wconf 83' lang='grc'><strong>3.</strong></span> 
     </span>
     <span class='ocr_line' id='line_1_15' title="bbox 321 2641 1417 2727; baseline -0.003 -19"><span class='ocrx_word' id='word_1_73' title='bbox 321 2645 420 2709; x_wconf 82' lang='lat' dir='ltr'><strong>moriri</strong></span> <span class='ocrx_word' id='word_1_74' title='bbox 435 2665 495 2727; x_wconf 92' lang='lat' dir='ltr'><strong>pro</strong></span> <span class='ocrx_word' id='word_1_75' title='bbox 512 2651 583 2706; x_wconf 88' lang='lat' dir='ltr'><strong>tota</strong></span> <span class='ocrx_word' id='word_1_76' title='bbox 600 2643 740 2707; x_wconf 87' lang='lat' dir='ltr'><strong>hominis</strong></span> <span class='ocrx_word' id='word_1_77' title='bbox 767 2645 1006 2718; x_wconf 72' lang='lat' dir='ltr'><strong>immutatione,</strong></span> <span class='ocrx_word' id='word_1_78' title='bbox 1028 2661 1092 2725; x_wconf 86' lang='lat' dir='ltr'><strong>quo</strong></span> <span class='ocrx_word' id='word_1_79' title='bbox 1107 2661 1204 2706; x_wconf 86' lang='lat' dir='ltr'><strong>sensu</strong></span> <span class='ocrx_word' id='word_1_80' title='bbox 1223 2641 1417 2725; x_wconf 79' lang='lat' dir='ltr'><strong>complecti-</strong></span> 
     </span>
     <span class='ocr_line' id='line_1_16' title="bbox 318 2727 1419 2812; baseline -0.001 -20"><span class='ocrx_word' id='word_1_81' title='bbox 318 2737 376 2792; x_wconf 89' lang='lat' dir='ltr'><strong>tor</strong></span> <span class='ocrx_word' id='word_1_82' title='bbox 387 2732 594 2791; x_wconf 78' lang='lat' dir='ltr'><strong>vocatiouem</strong></span> <span class='ocrx_word' id='word_1_83' title='bbox 610 2727 789 2806; x_wconf 81' lang='lat' dir='ltr'><strong>efficacem,</strong></span> <span class='ocrx_word' id='word_1_84' title='bbox 811 2733 858 2792; x_wconf 89' lang='lat' dir='ltr'><strong>sio</strong></span> <span class='ocrx_word' id='word_1_85' title='bbox 875 2727 1000 2790; x_wconf 82' lang='lat' dir='ltr'><strong>Paulus</strong></span> <span class='ocrx_word' id='word_1_86' title='bbox 1014 2729 1048 2789; x_wconf 91' lang='lat' dir='ltr'><strong>iu</strong></span> <span class='ocrx_word' id='word_1_87' title='bbox 1069 2730 1165 2812; x_wconf 84' lang='lat' dir='ltr'><strong>epist.</strong></span> <span class='ocrx_word' id='word_1_88' title='bbox 1181 2727 1223 2792; x_wconf 82' lang='lat' dir='ltr'><strong>ori</strong></span> <span class='ocrx_word' id='word_1_89' title='bbox 1240 2727 1340 2791; x_wconf 80' lang='lat' dir='ltr'><strong>liobr.</strong></span> <span class='ocrx_word' id='word_1_90' title='bbox 1358 2727 1419 2791; x_wconf 79' lang='lat' dir='ltr'><strong>de·</strong></span> 
     </span>
     <span class='ocr_line' id='line_1_17' title="bbox 318 2811 1421 2898; baseline 0.004 -22"><span class='ocrx_word' id='word_1_91' title='bbox 318 2817 427 2895; x_wconf 74' lang='lat' dir='ltr'><strong>signat</strong></span> <span class='ocrx_word' id='word_1_92' title='bbox 443 2815 531 2895; x_wconf 83' lang='lat' dir='ltr'><strong>ipsos</strong></span> <span class='ocrx_word' id='word_1_93' title='bbox 545 2811 657 2876; x_wconf 82' lang='lat' dir='ltr'><strong>fideles</strong></span> <span class='ocrx_word' id='word_1_94' title='bbox 674 2833 732 2896; x_wconf 90' lang='lat' dir='ltr'><strong>per</strong></span> <span class='ocrx_word' id='word_1_95' title='bbox 745 2817 790 2884; x_wconf 64' lang='lat' dir='ltr'><strong>sin</strong></span> <span class='ocrx_word' id='word_1_96' title='bbox 802 2815 988 2897; x_wconf 68' lang='grc' dir='ltr'><strong>ὁγιαζόμίυυςι</strong></span> <span class='ocrx_word' id='word_1_97' title='bbox 1003 2813 1104 2877; x_wconf 77' lang='lat' dir='ltr'><strong>modo</strong></span> <span class='ocrx_word' id='word_1_98' title='bbox 1117 2815 1263 2878; x_wconf 81' lang='lat' dir='ltr'><strong>strictius</strong></span> <span class='ocrx_word' id='word_1_99' title='bbox 1275 2831 1339 2898; x_wconf 84' lang='lat' dir='ltr'><strong>pro</strong></span> <span class='ocrx_word' id='word_1_100' title='bbox 1355 2815 1421 2880; x_wconf 64' lang='lat' dir='ltr'><strong>i&amp;</strong></span> 
     </span>
     <span class='ocr_line' id='line_1_18' title="bbox 319 2896 1421 2983; baseline 0.001 -21"><span class='ocrx_word' id='word_1_101' title='bbox 319 2900 450 2962; x_wconf 80' lang='lat' dir='ltr'><strong>actione</strong></span> <span class='ocrx_word' id='word_1_102' title='bbox 461 2897 538 2974; x_wconf 84' lang='lat' dir='ltr'><strong>Dei,</strong></span> <span class='ocrx_word' id='word_1_103' title='bbox 560 2896 627 2982; x_wconf 79' lang='lat' dir='ltr'><strong>qus</strong></span> <span class='ocrx_word' id='word_1_104' title='bbox 641 2899 807 2964; x_wconf 83' lang='lat' dir='ltr'><strong>hominem</strong></span> <span class='ocrx_word' id='word_1_105' title='bbox 824 2918 882 2983; x_wconf 87' lang='lat' dir='ltr'><strong>per</strong></span> <span class='ocrx_word' id='word_1_106' title='bbox 897 2897 993 2962; x_wconf 85' lang='lat' dir='ltr'><strong>fidem</strong></span> <span class='ocrx_word' id='word_1_107' title='bbox 1006 2899 1076 2982; x_wconf 79' lang='lat' dir='ltr'><strong>jem</strong></span> <span class='ocrx_word' id='word_1_108' title='bbox 1090 2897 1224 2963; x_wconf 85' lang='lat' dir='ltr'><strong>Christo</strong></span> <span class='ocrx_word' id='word_1_109' title='bbox 1236 2902 1373 2963; x_wconf 81' lang='lat' dir='ltr'><strong>inritum</strong></span> <span class='ocrx_word' id='word_1_110' title='bbox 1385 2905 1421 2963; x_wconf 85' lang='lat' dir='ltr'><strong>at</strong></span> 
     </span>
     <span class='ocr_line' id='line_1_19' title="bbox 312 2983 1425 3070; baseline 0.003 -23"><span class='ocrx_word' id='word_1_111' title='bbox 312 2983 543 3068; x_wconf 71' lang='lat' dir='ltr'><strong>justificatum,</strong></span> <span class='ocrx_word' id='word_1_112' title='bbox 565 2987 746 3049; x_wconf 72' lang='lat' dir='ltr'><strong>ministerio</strong></span> <span class='ocrx_word' id='word_1_113' title='bbox 758 2986 848 3049; x_wconf 82' lang='lat' dir='ltr'><strong>verbi</strong></span> <span class='ocrx_word' id='word_1_114' title='bbox 863 2991 898 3048; x_wconf 89' lang='lat' dir='ltr'><strong>et</strong></span> <span class='ocrx_word' id='word_1_115' title='bbox 908 2983 1056 3048; x_wconf 76' lang='lat' dir='ltr'><strong>effioaoii</strong></span> <span class='ocrx_word' id='word_1_116' title='bbox 1076 2984 1229 3068; x_wconf 77' lang='lat' dir='ltr'><strong>Spiritus,</strong></span> <span class='ocrx_word' id='word_1_117' title='bbox 1250 2989 1358 3070; x_wconf 71' lang='lat' dir='ltr'><strong>magis</strong></span> <span class='ocrx_word' id='word_1_118' title='bbox 1378 3003 1425 3065; x_wconf 71' lang='lat' dir='ltr'><strong>aa</strong></span> 
     </span>
     <span class='ocr_line' id='line_1_20' title="bbox 319 3067 1418 3170; baseline 0.001 -36"><span class='ocrx_word' id='word_1_119' title='bbox 319 3073 424 3153; x_wconf 80' lang='lat' dir='ltr'><strong>mogis</strong></span> <span class='ocrx_word' id='word_1_120' title='bbox 438 3073 458 3133; x_wconf 84' lang='lat' dir='ltr'><strong>ri</strong></span> <span class='ocrx_word' id='word_1_121' title='bbox 474 3069 599 3134; x_wconf 88' lang='lat' dir='ltr'><strong>mundo</strong></span> <span class='ocrx_word' id='word_1_122' title='bbox 615 3077 756 3170; x_wconf 82' lang='lat' dir='ltr'><strong>reparat,</strong></span> <span class='ocrx_word' id='word_1_123' title='bbox 778 3074 799 3134; x_wconf 73' lang='lat' dir='ltr'><strong>a</strong></span> <span class='ocrx_word' id='word_1_124' title='bbox 814 3067 926 3135; x_wconf 75' lang='lat' dir='ltr'><strong>nativi</strong></span> <span class='ocrx_word' id='word_1_125' title='bbox 941 3069 1155 3154; x_wconf 75' lang='lat' dir='ltr'><strong>corruptione</strong></span> <span class='ocrx_word' id='word_1_126' title='bbox 1170 3071 1303 3149; x_wconf 79' lang='lat' dir='ltr'><strong>liberor,</strong></span> <span class='ocrx_word' id='word_1_127' title='bbox 1324 3078 1359 3138; x_wconf 90' lang='lat' dir='ltr'><strong>et</strong></span> <span class='ocrx_word' id='word_1_128' title='bbox 1373 3071 1418 3135; x_wconf 87' lang='lat' dir='ltr'><strong>arl</strong></span> 
     </span>
     <span class='ocr_line' id='line_1_21' title="bbox 318 3157 790 3238; baseline 0.002 -18"><span class='ocrx_word' id='word_1_129' title='bbox 318 3173 411 3221; x_wconf 86' lang='lat' dir='ltr'><strong>suam</strong></span> <span class='ocrx_word' id='word_1_130' title='bbox 428 3159 606 3238; x_wconf 73' lang='lat' dir='ltr'><strong>imaginem</strong></span> <span class='ocrx_word' id='word_1_131' title='bbox 623 3157 790 3221; x_wconf 78' lang='lat' dir='ltr'><strong>reformat.</strong></span> 
     </span>
    </p>

    <p class='ocr_par' dir='ltr' id='par_1_6' title="bbox 319 3240 1418 3582">
     <span class='ocr_line' id='line_1_22' title="bbox 363 3240 1418 3325; baseline -0.003 -20"><span class='ocrx_word' id='word_1_132' title='bbox 363 3243 407 3305; x_wconf 92' lang='lat' dir='ltr'><strong>Il.</strong></span> <span class='ocrx_word' id='word_1_133' title='bbox 434 3241 466 3305; x_wconf 89' lang='lat' dir='ltr'><strong>N</strong></span> <span class='ocrx_word' id='word_1_134' title='bbox 470 3261 513 3304; x_wconf 89' lang='lat' dir='ltr'><strong>on</strong></span> <span class='ocrx_word' id='word_1_135' title='bbox 530 3249 723 3308; x_wconf 70' lang='lat' dir='ltr'><strong>esitantem</strong></span> <span class='ocrx_word' id='word_1_136' title='bbox 742 3259 849 3325; x_wconf 75' lang='lat' dir='ltr'><strong>proris</strong></span> <span class='ocrx_word' id='word_1_137' title='bbox 859 3240 1108 3306; x_wconf 78' lang='lat' dir='ltr'><strong>consuetudinis</strong></span> <span class='ocrx_word' id='word_1_138' title='bbox 1121 3245 1157 3322; x_wconf 74' lang='lat' dir='ltr'><strong>et</strong></span> <span class='ocrx_word' id='word_1_139' title='bbox 1172 3243 1249 3306; x_wconf 81' lang='lat' dir='ltr'><strong>vitra</strong></span> <span class='ocrx_word' id='word_1_140' title='bbox 1265 3241 1418 3318; x_wconf 71' lang='lat' dir='ltr'><strong>mutatio,</strong></span> 
     </span>
     <span class='ocr_line' id='line_1_23' title="bbox 319 3327 1418 3414; baseline 0.002 -26"><span class='ocrx_word' id='word_1_141' title='bbox 319 3327 377 3391; x_wconf 87' lang='lat' dir='ltr'><strong>sed</strong></span> <span class='ocrx_word' id='word_1_142' title='bbox 389 3335 438 3390; x_wconf 87' lang='lat' dir='ltr'><strong>est</strong></span> <span class='ocrx_word' id='word_1_143' title='bbox 451 3331 553 3390; x_wconf 80' lang='lat' dir='ltr'><strong>totius</strong></span> <span class='ocrx_word' id='word_1_144' title='bbox 564 3335 690 3391; x_wconf 78' lang='lat' dir='ltr'><strong>neturre</strong></span> <span class='ocrx_word' id='word_1_145' title='bbox 703 3336 841 3412; x_wconf 82' lang='lat' dir='ltr'><strong>peeouto</strong></span> <span class='ocrx_word' id='word_1_146' title='bbox 853 3333 1019 3412; x_wconf 78' lang='lat' dir='ltr'><strong>corruptae</strong></span> <span class='ocrx_word' id='word_1_147' title='bbox 1035 3331 1218 3404; x_wconf 70' lang='lat' dir='ltr'><strong>renovatio,</strong></span> <span class='ocrx_word' id='word_1_148' title='bbox 1234 3327 1297 3414; x_wconf 82' lang='lat' dir='ltr'><strong>qul</strong></span> <span class='ocrx_word' id='word_1_149' title='bbox 1308 3347 1418 3411; x_wconf 76' lang='lat' dir='ltr'><strong>preren</strong></span> 
     </span>
     <span class='ocr_line' id='line_1_24' title="bbox 319 3413 1418 3494; baseline 0 -18"><span class='ocrx_word' id='word_1_150' title='bbox 319 3413 494 3494; x_wconf 74' lang='lat' dir='ltr'><strong>qualitates</strong></span> <span class='ocrx_word' id='word_1_151' title='bbox 514 3419 548 3475; x_wconf 87' lang='lat' dir='ltr'><strong>et</strong></span> <span class='ocrx_word' id='word_1_152' title='bbox 572 3413 702 3476; x_wconf 73' lang='lat' dir='ltr'><strong>habitus</strong></span> <span class='ocrx_word' id='word_1_153' title='bbox 727 3415 914 3490; x_wconf 81' lang='lat' dir='ltr'><strong>abolentur,</strong></span> <span class='ocrx_word' id='word_1_154' title='bbox 946 3419 980 3475; x_wconf 87' lang='lat' dir='ltr'><strong>et</strong></span> <span class='ocrx_word' id='word_1_155' title='bbox 1003 3413 1080 3476; x_wconf 84' lang='lat' dir='ltr'><strong>boni</strong></span> <span class='ocrx_word' id='word_1_156' title='bbox 1106 3413 1340 3492; x_wconf 77' lang='lat' dir='ltr'><strong>infunduntur,</strong></span> <span class='ocrx_word' id='word_1_157' title='bbox 1378 3419 1418 3476; x_wconf 90' lang='lat' dir='ltr'><strong>ut</strong></span> 
     </span>
     <span class='ocr_line' id='line_1_25' title="bbox 319 3498 1028 3582; baseline -0.001 -21"><span class='ocrx_word' id='word_1_158' title='bbox 319 3498 419 3562; x_wconf 87' lang='lat' dir='ltr'><strong>homo</strong></span> <span class='ocrx_word' id='word_1_159' title='bbox 435 3501 453 3562; x_wconf 77' lang='lat' dir='ltr'><strong>i</strong></span> <span class='ocrx_word' id='word_1_160' title='bbox 469 3499 562 3560; x_wconf 82' lang='lat' dir='ltr'><strong>molis</strong></span> <span class='ocrx_word' id='word_1_161' title='bbox 578 3498 714 3582; x_wconf 84' lang='lat' dir='ltr'><strong>desistat</strong></span> <span class='ocrx_word' id='word_1_162' title='bbox 729 3509 763 3562; x_wconf 90' lang='lat' dir='ltr'><strong>et</strong></span> <span class='ocrx_word' id='word_1_163' title='bbox 779 3499 872 3563; x_wconf 85' lang='lat' dir='ltr'><strong>bonis</strong></span> <span class='ocrx_word' id='word_1_164' title='bbox 887 3499 1028 3562; x_wconf 78' lang='lat' dir='ltr'><strong>student.</strong></span> 
     </span>
    </p>

    <p class='ocr_par' dir='ltr' id='par_1_7' title="bbox 314 3583 1419 4360">
     <span class='ocr_line' id='line_1_26' title="bbox 363 3583 1419 3668; baseline 0.002 -22"><span class='ocrx_word' id='word_1_165' title='bbox 363 3585 426 3646; x_wconf 92' lang='lat' dir='ltr'><strong>Ill.</strong></span> <span class='ocrx_word' id='word_1_166' title='bbox 450 3583 641 3647; x_wconf 79' lang='lat' dir='ltr'><strong>sanctificat</strong></span> <span class='ocrx_word' id='word_1_167' title='bbox 659 3585 762 3664; x_wconf 84' lang='lat' dir='ltr'><strong>Deus,</strong></span> <span class='ocrx_word' id='word_1_168' title='bbox 785 3603 885 3668; x_wconf 89' lang='lat' dir='ltr'><strong>quum</strong></span> <span class='ocrx_word' id='word_1_169' title='bbox 906 3585 933 3647; x_wconf 92' lang='lat' dir='ltr'><strong>l.</strong></span> <span class='ocrx_word' id='word_1_170' title='bbox 957 3583 984 3647; x_wconf 85' lang='lat' dir='ltr'>F</span> <span class='ocrx_word' id='word_1_171' title='bbox 986 3583 1121 3648; x_wconf 87' lang='lat' dir='ltr'><strong>idelium</strong></span> <span class='ocrx_word' id='word_1_172' title='bbox 1144 3589 1283 3662; x_wconf 83' lang='lat' dir='ltr'><strong>mentes,</strong></span> <span class='ocrx_word' id='word_1_173' title='bbox 1305 3584 1419 3648; x_wconf 87' lang='lat' dir='ltr'><strong>uberi·</strong></span> 
     </span>
     <span class='ocr_line' id='line_1_27' title="bbox 316 3669 1418 3754; baseline 0.002 -22"><span class='ocrx_word' id='word_1_174' title='bbox 316 3685 410 3734; x_wconf 84' lang='lat' dir='ltr'><strong>orem</strong></span> <span class='ocrx_word' id='word_1_175' title='bbox 425 3671 464 3732; x_wconf 84' lang='lat' dir='ltr'><strong>iis</strong></span> <span class='ocrx_word' id='word_1_176' title='bbox 479 3671 529 3732; x_wconf 91' lang='lat' dir='ltr'><strong>sui</strong></span> <span class='ocrx_word' id='word_1_177' title='bbox 545 3671 767 3751; x_wconf 83' lang='lat' dir='ltr'><strong>coguitionem</strong></span> <span class='ocrx_word' id='word_1_178' title='bbox 779 3671 931 3752; x_wconf 83' lang='lat' dir='ltr'><strong>largiens,</strong></span> <span class='ocrx_word' id='word_1_179' title='bbox 954 3673 1070 3754; x_wconf 89' lang='lat' dir='ltr'><strong>aperit,</strong></span> <span class='ocrx_word' id='word_1_180' title='bbox 1088 3677 1125 3732; x_wconf 85' lang='lat' dir='ltr'><strong>at</strong></span> <span class='ocrx_word' id='word_1_181' title='bbox 1140 3673 1262 3745; x_wconf 81' lang='lat' dir='ltr'><strong>omnio,</strong></span> <span class='ocrx_word' id='word_1_182' title='bbox 1286 3689 1360 3753; x_wconf 82' lang='lat' dir='ltr'><strong>quse</strong></span> <span class='ocrx_word' id='word_1_183' title='bbox 1373 3669 1418 3734; x_wconf 85' lang='lat' dir='ltr'><strong>ari</strong></span> 
     </span>
     <span class='ocr_line' id='line_1_28' title="bbox 318 3755 1418 3840; baseline 0 -21"><span class='ocrx_word' id='word_1_184' title='bbox 318 3755 478 3837; x_wconf 83' lang='lat' dir='ltr'><strong>mojorem</strong></span> <span class='ocrx_word' id='word_1_185' title='bbox 505 3757 538 3818; x_wconf 89' lang='lat' dir='ltr'><strong>in</strong></span> <span class='ocrx_word' id='word_1_186' title='bbox 555 3757 721 3838; x_wconf 84' lang='lat' dir='ltr'><strong>promissis</strong></span> <span class='ocrx_word' id='word_1_187' title='bbox 735 3757 854 3820; x_wconf 80' lang='lat' dir='ltr'><strong>divinis</strong></span> <span class='ocrx_word' id='word_1_188' title='bbox 870 3755 1166 3832; x_wconf 79' lang='lat' dir='ltr'><strong>confirmationem,</strong></span> <span class='ocrx_word' id='word_1_189' title='bbox 1188 3763 1223 3820; x_wconf 90' lang='lat' dir='ltr'><strong>et</strong></span> <span class='ocrx_word' id='word_1_190' title='bbox 1235 3758 1271 3819; x_wconf 91' lang='lat' dir='ltr'><strong>in</strong></span> <span class='ocrx_word' id='word_1_191' title='bbox 1288 3757 1418 3840; x_wconf 83' lang='lat' dir='ltr'><strong>pietale</strong></span> 
     </span>
     <span class='ocr_line' id='line_1_29' title="bbox 317 3841 1418 3926; baseline 0.001 -22"><span class='ocrx_word' id='word_1_192' title='bbox 317 3841 502 3924; x_wconf 83' lang='lat' dir='ltr'><strong>proiectum</strong></span> <span class='ocrx_word' id='word_1_193' title='bbox 518 3843 606 3925; x_wconf 89' lang='lat' dir='ltr'><strong>ipsos</strong></span> <span class='ocrx_word' id='word_1_194' title='bbox 627 3843 773 3906; x_wconf 75' lang='lat' dir='ltr'><strong>exultare</strong></span> <span class='ocrx_word' id='word_1_195' title='bbox 790 3849 937 3926; x_wconf 83' lang='lat' dir='ltr'><strong>possunt,</strong></span> <span class='ocrx_word' id='word_1_196' title='bbox 959 3841 1102 3906; x_wconf 72' lang='lat' dir='ltr'><strong>olareao</strong></span> <span class='ocrx_word' id='word_1_197' title='bbox 1115 3841 1290 3906; x_wconf 80' lang='lat' dir='ltr'><strong>evidenter</strong></span> <span class='ocrx_word' id='word_1_198' title='bbox 1308 3844 1418 3926; x_wconf 85' lang='lat' dir='ltr'><strong>peroi-</strong></span> 
     </span>
     <span class='ocr_line' id='line_1_30' title="bbox 317 3925 1419 4011; baseline 0.001 -22"><span class='ocrx_word' id='word_1_199' title='bbox 317 3929 422 4009; x_wconf 85' lang='lat' dir='ltr'><strong>piant,</strong></span> <span class='ocrx_word' id='word_1_200' title='bbox 437 3925 636 3991; x_wconf 79' lang='lat' dir='ltr'><strong>elucidando</strong></span> <span class='ocrx_word' id='word_1_201' title='bbox 649 3927 942 4010; x_wconf 83' lang='lat' dir='ltr'><strong>objeotoobsoora,</strong></span> <span class='ocrx_word' id='word_1_202' title='bbox 954 3927 1154 3992; x_wconf 84' lang='lat' dir='ltr'><strong>removendo</strong></span> <span class='ocrx_word' id='word_1_203' title='bbox 1164 3927 1419 4011; x_wconf 82' lang='lat' dir='ltr'><strong>impedimenta,</strong></span> 
     </span>
     <span class='ocr_line' id='line_1_31' title="bbox 314 4011 1419 4097; baseline 0.001 -23"><span class='ocrx_word' id='word_1_204' title='bbox 314 4012 656 4096; x_wconf 72' lang='lat' dir='ltr'><strong>alisquepraestando.</strong></span> <span class='ocrx_word' id='word_1_205' title='bbox 702 4013 799 4078; x_wconf 85' lang='lat' dir='ltr'><strong>liano</strong></span> <span class='ocrx_word' id='word_1_206' title='bbox 809 4013 1084 4078; x_wconf 72' lang='lat' dir='ltr'><strong>illuminationem</strong></span> <span class='ocrx_word' id='word_1_207' title='bbox 1095 4018 1250 4097; x_wconf 72' lang='lat' dir='ltr'><strong>precatur</strong></span> <span class='ocrx_word' id='word_1_208' title='bbox 1262 4011 1419 4077; x_wconf 79' lang='lat' dir='ltr'><strong>fidelibus</strong></span> 
     </span>
     <span class='ocr_line' id='line_1_32' title="bbox 320 4097 1419 4182; baseline 0.001 -23"><span class='ocrx_word' id='word_1_209' title='bbox 320 4097 455 4173; x_wconf 89' lang='lat' dir='ltr'><strong>Paulos,</strong></span> <span class='ocrx_word' id='word_1_210' title='bbox 478 4099 600 4182; x_wconf 83' lang='lat' dir='ltr'><strong>Ephes.</strong></span> <span class='ocrx_word' id='word_1_211' title='bbox 617 4102 639 4162; x_wconf 92' lang='lat' dir='ltr'><strong>i.</strong></span> <span class='ocrx_word' id='word_1_212' title='bbox 660 4101 708 4176; x_wconf 87' lang='grc'><strong>17,</strong></span> <span class='ocrx_word' id='word_1_213' title='bbox 737 4101 783 4178; x_wconf 85' lang='lat'><strong>18,</strong></span> <span class='ocrx_word' id='word_1_214' title='bbox 810 4103 857 4164; x_wconf 78' lang='lat'><strong>19.</strong></span> <span class='ocrx_word' id='word_1_215' title='bbox 882 4101 956 4164; x_wconf 88' lang='lat' dir='ltr'><strong>Col.</strong></span> <span class='ocrx_word' id='word_1_216' title='bbox 973 4103 994 4163; x_wconf 92' lang='lat' dir='ltr'><strong>i.</strong></span> <span class='ocrx_word' id='word_1_217' title='bbox 1013 4101 1043 4176; x_wconf 88' lang='lat'><strong>9,</strong></span> <span class='ocrx_word' id='word_1_218' title='bbox 1069 4100 1118 4162; x_wconf 90' lang='lat'><strong>10.</strong></span> <span class='ocrx_word' id='word_1_219' title='bbox 1165 4099 1228 4162; x_wconf 89' lang='lat' dir='ltr'><strong>Per</strong></span> <span class='ocrx_word' id='word_1_220' title='bbox 1241 4115 1318 4162; x_wconf 87' lang='lat' dir='ltr'><strong>eam</strong></span> <span class='ocrx_word' id='word_1_221' title='bbox 1338 4099 1419 4162; x_wconf 79' lang='lat' dir='ltr'><strong>ills·</strong></span> 
     </span>
     <span class='ocr_line' id='line_1_33' title="bbox 318 4184 1419 4270; baseline 0.003 -27"><span class='ocrx_word' id='word_1_222' title='bbox 318 4184 533 4248; x_wconf 75' lang='lat' dir='ltr'><strong>minutionem</strong></span> <span class='ocrx_word' id='word_1_223' title='bbox 548 4187 586 4248; x_wconf 85' lang='lat' dir='ltr'><strong>fir</strong></span> <span class='ocrx_word' id='word_1_224' title='bbox 596 4193 634 4248; x_wconf 90' lang='lat' dir='ltr'><strong>ut</strong></span> <span class='ocrx_word' id='word_1_225' title='bbox 650 4187 837 4253; x_wconf 81' lang='lat' dir='ltr'><strong>intellectus</strong></span> <span class='ocrx_word' id='word_1_226' title='bbox 853 4185 917 4250; x_wconf 80' lang='lat' dir='ltr'><strong>Dei</strong></span> <span class='ocrx_word' id='word_1_227' title='bbox 933 4188 1091 4250; x_wconf 78' lang='lat' dir='ltr'><strong>veritates</strong></span> <span class='ocrx_word' id='word_1_228' title='bbox 1103 4185 1219 4270; x_wconf 84' lang='lat' dir='ltr'><strong>quales</strong></span> <span class='ocrx_word' id='word_1_229' title='bbox 1234 4191 1323 4260; x_wconf 83' lang='lat' dir='ltr'><strong>sunt,</strong></span> <span class='ocrx_word' id='word_1_230' title='bbox 1345 4203 1419 4248; x_wconf 84' lang='lat' dir='ltr'><strong>oer-</strong></span> 
     </span>
     <span class='ocr_line' id='line_1_34' title="bbox 316 4271 1415 4360; baseline 0.001 -31"><span class='ocrx_word' id='word_1_231' title='bbox 316 4273 386 4342; x_wconf 78' lang='lat' dir='ltr'><strong>ntt,</strong></span> <span class='ocrx_word' id='word_1_232' title='bbox 407 4275 443 4332; x_wconf 79' lang='lat' dir='ltr'><strong>et</strong></span> <span class='ocrx_word' id='word_1_233' title='bbox 457 4271 673 4354; x_wconf 79' lang='lat' dir='ltr'><strong>multiplicem</strong></span> <span class='ocrx_word' id='word_1_234' title='bbox 688 4274 883 4360; x_wconf 79' lang='lat' dir='ltr'><strong>sapientium</strong></span> <span class='ocrx_word' id='word_1_235' title='bbox 898 4271 1090 4339; x_wconf 86' lang='lat' dir='ltr'><strong>admiretur.</strong></span> <span class='ocrx_word' id='word_1_236' title='bbox 1135 4271 1167 4337; x_wconf 76' lang='lat'><strong>2.</strong></span> <span class='ocrx_word' id='word_1_237' title='bbox 1189 4271 1304 4340; x_wconf 74' lang='lat' dir='ltr'><strong>Quum</strong></span> <span class='ocrx_word' id='word_1_238' title='bbox 1321 4287 1415 4336; x_wconf 81' lang='lat' dir='ltr'><strong>urar·</strong></span> 
     </span>
    </p>
   </div>
   <div class='ocr_carea' id='block_1_6' title="bbox 0 0 1506 5006">
    <p class='ocr_par' dir='ltr' id='par_1_8' title="bbox 0 0 1506 5006">
     <span class='ocr_line' id='line_1_35' title="bbox 0 0 1506 5006; baseline 0 0"><span class='ocrx_word' id='word_1_239' title='bbox 0 0 1506 5006; x_wconf 95' lang='lat' dir='ltr'><strong> </strong></span> 
     </span>
    </p>
   </div>
  </div>
 </body>
</html>
