2994 4996
12 105 14 246 i

67 497 155 582 vop.
170 485 216 586 6.]
518 513 567 564 nn
588 512 709 566 numu.
745 555 752 567 .
838 537 841 544 ·
1096 504 1157 574 los

67 669 154 734 illud
164 672 342 754 moestum
358 667 507 746 vocibus,
527 687 599 753 qne
619 689 686 736 non
703 686 825 734 merum
841 671 1058 760 privetionem
1079 674 1161 740 insi·

68 767 188 834 nuent,
211 754 290 820 dum
315 761 414 818 vocnt
438 774 581 834 cunum,
601 757 914 838 concupiscentium,
937 760 1040 840 legem
1062 779 1160 826 mm-

69 841 213 916 drorum,
229 841 619 924 peccatuminhubitnns,
633 861 756 924 corpus
766 846 893 918 mortu,
908 849 1043 908 veterem
1057 843 1160 910 domi·

69 945 153 1000 nan,
162 928 225 990 ctio.
242 927 692 1004 tuinexinnumeriseffectis,
704 929 845 1012 quaeipsi
854 928 1055 994 tribuuntur.
1080 931 1160 998 Nou

12 1015 14 1106 t
71 1013 180 1076 minus
194 1011 296 1076 efficit
312 1033 405 1076 suurn
421 1014 604 1096 subjectum
612 1017 800 1096 peccatum,
822 1015 922 1097 quim
942 1016 1063 1089 uirtus,
1084 1035 1156 1098 quse

12 1107 14 1170 ζ
70 1099 110 1160 ub
126 1097 282 1162 omnibus
298 1105 336 1160 ut
356 1097 441 1184 quid
458 1101 635 1184 positivum
653 1099 804 1164 babetur.
861 1099 935 1162 Nec
950 1099 1029 1171 inde
1049 1107 1159 1170 tumen

12 1185 13 1224 t
72 1185 223 1266 sequitur
237 1186 336 1246 essert
350 1183 443 1262 Deo;
464 1183 708 1268 omnequidern
720 1204 778 1248 ens
794 1183 969 1270 physicum
981 1192 1031 1250 est
1044 1185 1161 1266 dDeo,

12 1287 13 1302 ¹
73 1269 127 1330 sed
143 1287 212 1330 non
223 1289 327 1330 omne
342 1289 399 1332 ens
415 1270 550 1348 morule,
567 1269 660 1354 quod
675 1271 842 1338 deiectum
858 1271 1001 1353 aliquem
1014 1271 1124 1335 hebet.

113 1353 213 1416 XIII.
239 1353 401 1418 Omnibus
415 1356 601 1420 bominibus
614 1355 751 1419 inbaeret
766 1355 852 1418 istud
870 1363 1056 1440 peccatum,
1072 1357 1161 1420 solus

74 1439 114 1501 ub
141 1440 205 1502 buc
228 1439 301 1502 lube
328 1443 482 1504 immunis
507 1441 570 1504 tuit
595 1441 692 1520 iesus
715 1441 877 1518 Christus,
899 1445 956 1524 qui
970 1442 1014 1505 ub
1029 1437 1161 1508 Aorno

73 1545 138 1588 non
154 1524 328 1588 descendit
347 1524 399 1588 rid
414 1525 590 1601 ordinarii,
612 1526 668 1590 sed
680 1527 941 1590 extraordinarid
955 1535 990 1590 et
1004 1547 1161 1612 superno·

74 1611 223 1672 tnruiiter
234 1619 417 1694 conceptus
431 1619 492 1688 est,
507 1617 630 1676 virtute
641 1613 781 1695 Spiritus
791 1613 914 1676 Sancti.
959 1613 992 1675 N
995 1633 1038 1676 on
1049 1618 1161 1698 ituque

75 1695 172 1759 metu
186 1697 280 1778 virgo
297 1697 395 1778 hujus
419 1700 547 1780 peccati
564 1717 683 1781 expers
704 1699 779 1774 ruit,
801 1699 918 1762 nullibi
934 1701 1020 1762 enim
1038 1699 1101 1762 boc
1116 1701 1162 1763 ie·

74 1784 183 1863 gitur;
216 1789 250 1844 et
273 1791 429 1864 preterea
450 1804 487 1848 se
510 1789 684 1858 &montore
704 1784 882 1866 indiguisse
902 1787 1050 1866 ognovit,
1072 1783 1163 1866 quod

75 1887 138 1930 non
155 1871 353 1948 agnovisset,
376 1872 400 1930 si
424 1890 490 1932 non
507 1870 621 1932 fuisset
638 1873 816 1952 peccatrix.
861 1867 1012 1932 Tandem
1033 1875 1070 1932 ut
1088 1871 1161 1933 ulio

76 1955 274 2036 peccatrices
284 1963 415 2018 mortua
429 1963 499 2018 est„
533 1954 646 2018 Solum
660 1954 828 2018 Christum
838 1955 858 2016 d
869 1957 1036 2019 communi
1049 1955 1164 2036 regule

75 2045 249 2122 exceptum
265 2039 364 2104 inisse
380 2039 567 2106 docuerunt
581 2049 719 2104 veteres.
762 2039 969 2124 Augustinus
989 2039 1031 2107 ds
1047 2058 1163 2124 peccu-

75 2131 183 2188 torum
210 2128 334 2188 meritis
357 2133 391 2188 et
415 2127 604 2190 remissione
626 2127 682 2190 lib.
699 2128 731 2190 ii.
748 2125 801 2187 20.
848 2125 1011 2198 Quartum
1030 2132 1160 2203 restat3

74 2215 196 2284 utrum,
219 2211 278 2292 qui
291 2211 421 2274 munins
435 2215 564 2277 nulium
579 2231 724 2293 unquam
734 2215 909 2294 peccatum
918 2210 1082 2288 macrii,
1101 2210 1162 2274 bo·

12 2359 13 2372 ,
73 2294 246 2360 ditumevc
259 2298 317 2370 sii,
338 2316 403 2360 non
416 2299 522 2364 sutrim
536 2301 711 2380 quisquam
736 2301 889 2362 iratorum
909 2295 1080 2360 bominum
1103 2301 1162 2374 sit,

74 2383 189 2448 versun
202 2383 307 2447 etium
325 2386 473 2466 potuerit
496 2386 678 2465 aliquando
693 2383 789 2448 csse?
833 2381 899 2446 Hic
917 2383 1008 2446 loeus
1020 2389 1091 2446 erut
1105 2401 1162 2446 ex·

74 2469 233 2552 cipienuo
246 2467 370 2530 Murioe.
405 2468 469 2530 Sed
482 2469 673 2552 respondet:
697 2467 797 2533 Hunc
807 2472 932 2550 proeier
944 2487 1044 2549 ursum
1056 2467 1163 2531 Medi·

75 2559 198 2621 amem
214 2552 281 2618 Dei
294 2553 511 2634 etbuminum,
530 2555 692 2618 hminem
709 2553 876 2616 Christum
888 2549 1013 2627 desum,
1034 2552 1163 2616 nulium

75 2643 127 2706 oei
151 2658 225 2704 esse
248 2639 304 2704 uei
316 2639 445 2719 sitisse,
489 2642 543 2704 vci
556 2639 716 2721 futurum
739 2656 820 2714 esec,
854 2637 1076 2701 certissimum
1101 2643 1161 2702 est.

75 2724 184 2810 Atque
211 2727 258 2793 itu
285 2726 480 2793 Ambrosius
492 2729 525 2788 in
554 2725 606 2790 Ps.
619 2725 730 2791 cxviii.
753 2723 822 2786 Ser.
836 2723 875 2786 br
907 2723 1054 2808 cyrillus
1066 2721 1161 2810 Oret.

77 2807 115 2875 de
132 2815 225 2879 rectu
246 2809 320 2888 fide,
344 2811 492 2876 &iuncos
509 2810 757 2876 Alexandrinum
775 2803 906 2896 Pedug.
928 2809 1022 2876 libi.
1039 2824 1112 2894 cup.
1128 2807 1161 2874 2.

76 2895 301 2975 Tertuliiunus
318 2895 358 2958 de
375 2897 469 2980 Oret.
486 2915 558 2980 cup.
575 2899 605 2960 7.

117 2973 215 3049 xiv.
238 2981 316 3046 Tou
331 2983 455 3045 bomini
471 2983 608 3044 inbmret
622 2981 710 3045 istud
732 2985 920 3066 peccatum,
942 2983 1012 3043 tum
1034 2981 1163 3058 unimus,

76 3069 143 3139 tum
160 3070 313 3151 corpori;
338 3067 427 3134 unde
438 3069 540 3130 menti
555 3069 696 3141 cecitas,
718 3067 882 3128 voluntati
896 3067 1101 3146 perversitas,
1115 3067 1164 3128 ei-

77 3152 216 3218 tectibus
230 3154 444 3230 inordinatio,
466 3159 500 3216 et
521 3154 626 3219 insuui
639 3155 758 3226 motus,
782 3147 935 3216 membris
951 3151 1099 3234 corporis
1114 3169 1163 3216 re·

78 3236 175 3302 bellio
191 3239 434 3304 adscribuntur.

116 3323 197 3388 XV.
225 3321 460 3398 Voluptariam
485 3343 553 3388 nou
579 3327 630 3388 est
654 3319 734 3384 illud
762 3323 949 3403 peccatum,
981 3339 1022 3382 en
1053 3339 1163 3399 sensu,

78 3429 141 3492 quo
154 3411 256 3490 sulgd
271 3409 411 3474 dicimus
425 3407 548 3492 aliquid
565 3407 630 3472 dici
647 3407 882 3478 voluntarium,
898 3403 955 3468 sed
968 3411 1077 3488 potest
1087 3407 1165 3484 dici,

80 3499 152 3578 quin
171 3495 274 3560 efficit
289 3495 507 3574 ¹voiuntutem,
530 3501 564 3558 et
579 3497 732 3576 inquinet
747 3511 830 3556 enm.
877 3490 951 3555 Nec
966 3509 1099 3556 necesse
1113 3499 1164 3556 est

79 3581 233 3664 uliquidd
248 3581 419 3644 voluntate
431 3579 604 3662 proticisci,
619 3589 657 3644 ut
672 3581 714 3644 sit
724 3583 911 3662 peccatum,
934 3595 1009 3642 num
1027 3583 1167 3662 peccatu

81 3669 185 3730 multu
199 3672 277 3730 sunt
292 3668 497 3747 ignorantie.
546 3717 547 3724 ,
981 3745 983 3750 ,

117 3751 216 3818 XVi.
241 3752 335 3815 Istud
357 3758 532 3834 peccatum
558 3749 719 3833 originale
745 3751 884 3814 vocetur
899 3747 1074 3832 sepissime
1089 3766 1166 3830 cpu-

80 3840 299 3988 cupisscepiiia,
321 3855 423 3938 quum
448 3835 571 3986 niptris
585 3838 696 3934 cupito
711 3833 843 3898 reduxit
858 3831 1036 3984 iobuppep'
1055 3831 1166 3984 keu-10²2.

79 3941 109 3986 u.
170 3943 214 3986 ‚u
258 3943 362 3986 coocu
387 3941 475 3985 escen
492 3941 563 3984 rum
587 3941 703 3984 comcs
736 3940 837 3986 nuncu
860 3939 948 3984 escen
965 3939 1002 3982 ια

80 4027 153 4074 rum
167 4015 199 4074 et
218 3943 410 4092 superbirem
426 4011 521 4073 uitoe.
566 4005 618 4069 Eu
640 4007 673 4068 in
698 3941 884 4088 ibfidelibzs
909 4024 976 4066 non
1001 4001 1111 4080 modo,
1133 4009 1169 4070 et

80 4095 263 4178 irregenitis
289 4105 463 4178 peccatum
479 4099 541 4168 est,
560 4090 617 4158 sed
639 4098 673 4154 et
688 4093 721 4164 in
737 4089 886 4162 fidelibus
901 4107 941 4152 uc
957 4093 1089 4167 renatis,
1105 4109 1168 4168 neo

79 4185 209 4249 tuntum
224 4189 274 4244 est
288 4181 420 4246 morbus
439 4182 596 4252 παίωνας
619 4175 754 4240 utillud
769 4177 932 4238 evincitur
945 4193 988 4240 ex
1003 4195 1054 4253 eo,
1076 4170 1167 4262 quod

82 4265 205 4333 Paulus
220 4267 359 4330 subinde
374 4267 436 4351 ipsi
459 4265 574 4329 tribuit
589 4282 709 4328 nomeu
721 4263 864 4346 pcccati.
887 4261 985 4335 Rom.
1001 4263 1044 4326 vi.
1060 4271 1093 4328 et
1111 4263 1166 4328 sii.

83 4353 257 4436 capitibus,
278 4371 346 4420 non
361 4351 469 4418 solum
484 4353 564 4436 quin
577 4369 620 4422 ex
631 4356 772 4441 pecoetp
783 4353 844 4428 est,
865 4353 925 4416 unt
937 4347 980 4414 ud
990 4355 1167 4436 pessuium
