3000 4998
654 323 674 362 l‘

63 479 147 566 cap.
160 478 205 570 t]
502 495 551 556 ort
572 497 717 576 unere.
1087 491 1146 578 ta't

54 654 254 732 domm,
285 653 538 722 observentias·
563 655 682 736 dontio,
711 659 852 724 sumitur
880 657 1058 746 aliquando
1083 681 1144 748 pro

55 746 239 807 warranto.
283 739 348 810 sed
364 741 480 806 dehoo
495 741 570 808 loeo
585 746 674 808 ratis.

95 825 158 892 tv.
182 827 389 910 inpossibile
410 829 524 911 itaque
539 827 716 904 oredimus,
737 829 912 898 uteleotus
928 836 1052 913 pereat,
1072 852 1144 900 non

53 915 130 973 eane
157 911 246 994 quari
262 913 368 994 perire
388 933 455 976 uon
481 920 601 996 posset,
622 918 648 977 si
665 916 795 986 sibimet
811 916 1063 998 relinqueretur,
1084 917 1143 986 ssd

54 999 131 1079 qnia
153 1001 295 1061 sustinet
320 1017 395 1062 eum
417 1017 546 1082 semper
568 1017 687 1064 manus
719 1001 989 1084 omnipotentia
1018 1008 1144 1086 patitur

53 1082 184 1162 quidest
199 1083 390 1166 aliquanto.
402 1087 484 1151 utin
496 1088 761 1170 graviapeooata
772 1087 881 1164 cadat,
896 1107 968 1170 qua
981 1106 1143 1162 uereren-

53 1173 113 1242 tur,
137 1175 175 1235 ot
200 1169 298 1252 piane
322 1173 344 1239 a
371 1169 445 1235 Deo
471 1167 688 1248 desereretur,
709 1173 765 1238 red
790 1175 824 1236 in
847 1175 887 1242 iis
902 1173 1048 1258 ”oopus
1063 1191 1142 1240 eura

54 1255 131 1326 nort
147 1273 217 1328 uon
231 1257 321 1333 riuti,
340 1262 377 1328 tri
391 1257 508 1328 ruitum
519 1257 555 1322 in
565 1257 704 1332 predum
718 1260 825 1342 erigit.

332 1411 334 1418 ’
458 1435 735 1486 ΰῑ-ι-ΰΰῦ

346 1565 350 1570 ’
467 1561 623 1630 CAPUT
645 1563 710 1628 HI.

220 1729 369 1810 Aufidelir
379 1731 465 1808 poerit
478 1749 532 1790 erse
546 1733 580 1792 tie
588 1733 641 1791 rud
653 1731 796 1791 Eteetiorte
810 1737 918 1793 oertari

94 1887 121 1949 i.
142 1885 225 1951 Note
248 1891 377 1954 tanturn
395 1894 486 1953 oerta
500 1895 551 1954 eet
567 1897 601 1954 et
616 1891 829 1954 immutabitis
843 1891 989 1956 fideiinrn
1007 1890 1138 1966 alentio,

52 1971 106 2036 aed
119 1979 153 2035 et
164 1977 248 2038 oerti
264 1993 335 2039 esse
350 1983 489 2060 possunt
503 1997 538 2039 se
549 1995 620 2039 esse
635 1978 769 2053 electos,
791 1997 858 2040 non
874 1980 1002 2042 sanein
1018 1975 1140 2040 ueniunt

52 2058 276 2137 ascendentes,
288 2067 326 2124 ut
335 2061 455 2124 librum
467 2063 542 2126 vite
552 2061 719 2138 evolvant,
729 2062 786 2126 sed
799 2065 833 2125 in
845 2083 880 2126 se
891 2061 1141 2138 descendentes,

52 2159 87 2206 ao
101 2144 223 2208 librum
240 2147 449 2210 conscientie
464 2153 643 2224 versantes,
665 2155 700 2212 et
716 2147 846 2212 iruotue
866 2149 1039 2213 electionis
1054 2149 1087 2210 in
1103 2165 1140 2210 aa

52 2229 271 2308 observantes.
329 2233 357 2296 Ι.
379 2231 431 2296 Ao
456 2251 581 2310 revera,
610 2237 636 2296 si
661 2233 774 2298 fideles
798 2240 938 2318 poesuot
960 2249 1142 2318 agnoscere

51 2315 221 2380 rehabere
244 2315 355 2394 fldem,
376 2325 514 2404 possunt
529 2339 598 2383 esse
614 2322 696 2384 oerti
717 2319 759 2383 de
773 2318 834 2384 sui
854 2321 1029 2396 eleotione,
1062 2319 1143 2403 quia

43 2399 128 2479 fides
144 2408 198 2466 est
211 2401 378 2469 electionis
392 2403 550 2483 effeotna3
571 2411 608 2468 ei
623 2411 761 2490 possunt
770 2423 952 2488 agnoscere
966 2425 1002 2469 se
1018 2404 1141 2470 habere

46 2485 158 2566 fidem,
180 2494 221 2552 ut
242 2489 335 2554 loeus
350 2493 411 2554 iste
429 2489 524 2554 Pauli
545 2493 565 2554 2
589 2490 658 2553 Cor
672 2493 741 2554 xiii.
763 2491 795 2553 S.
817 2493 851 2554 in
874 2511 942 2574 quo
965 2491 1141 2574 explorare

49 2573 141 2654 jubet
152 2573 279 2652 fideles,
300 2595 346 2639 oa
359 2573 568 2654 eiatirrfide,
583 2575 667 2638 ittud
678 2575 878 2639 sufficienter
889 2577 1035 2651 erinoit3
1056 2573 1142 2637 irus·

52 2665 96 2720 tra
114 2661 207 2724 enim
229 2661 400 2746 explorare
419 2661 554 2744 juberet
568 2661 761 2744 Apostolus,
782 2662 809 2724 si
824 2661 858 2725 id
874 2681 970 2726 nosse
980 2665 1067 2724 esset
1080 2661 1142 2724 ira·

54 2745 215 2825 possibile.
259 2747 291 2810 2.
315 2747 347 2810 Si
360 2745 471 2811 fideles
480 2755 620 2832 possunt
634 2765 815 2831 agnoscere
829 2766 865 2811 ee
886 2745 1051 2812 eerefliios
1063 2745 1141 2824 Dei,

53 2839 127 2896 tuno
145 2833 295 2914 seqnitur
309 2851 366 2896 eoa
382 2853 477 2918 posse
492 2853 562 2896 erse
577 2841 685 2897 certos
699 2833 741 2897 de
756 2833 919 2898 electione
934 2831 1015 2910 eutr
1035 2837 1072 2897 at
1086 2851 1142 2894 ve·

54 2933 119 2980 rum
151 2921 254 3001 prius,
275 2921 334 2982 tro.
351 2921 461 3002 major
474 2919 564 2982 olare
579 2925 640 2995 eet,
662 2939 779 2982 omnes
793 2923 881 2984 enim
906 2919 963 2982 iiiii
981 2919 1046 2984 Dei
1061 2921 1141 2982 ruet

52 3001 145 3066 eiecti
158 3023 168 3080 ;
183 3005 292 3066 rrrr'rror
306 3011 402 3067 extra
417 3005 675 3067 controversiam
691 3007 819 3086 positar
840 3003 1002 3086 siquidem
1017 3003 1141 3068 Paulae

52 3085 149 3152 donet
173 3088 339 3168 Spiritum
364 3089 526 3152 Sanctum
550 3091 671 3151 teriori
695 3107 770 3150 eum
789 3091 914 3170 spir-iter
933 3092 1057 3164 rroatro,
1077 3105 1139 3150 rtor

50 3173 221 3253 mefitioe
233 3173 309 3252 net,
325 3195 367 3239 no
384 3175 528 3258 proinde
541 3173 698 3250 teretes,
722 3173 820 3237 Rom.
833 3176 900 3237 viii.
917 3175 969 3236 io.
1013 3175 1138 3236 Annon

51 3259 198 3323 erederet
221 3259 327 3326 tidelis
354 3262 544 3324 testimonio
576 3255 745 3341 Spiritus?
787 3259 836 3322 At
864 3257 1023 3322 aioredit
1043 3261 1139 3322 terti·

51 3349 159 3408 nonio
184 3343 337 3428 Spiritus,
360 3349 511 3428 agnoseit
532 3365 567 3408 se
590 3343 774 3408 esseiiiinrn
797 3345 874 3421 Dei,
895 3349 922 3409 ri
938 3363 973 3408 ee
987 3347 1139 3428 agnoseit

52 3427 163 3506 fliium,
194 3435 273 3514 ergo
298 3431 340 3494 de
364 3433 527 3496 electione
548 3431 608 3494 ene
631 3437 743 3494 certus
768 3439 827 3494 ert.
872 3433 904 3496 S.
938 3429 1031 3495 Idem
1057 3449 1138 3496 oon·

49 3514 198 3581 iirmatur
229 3535 272 3580 ex
308 3517 389 3580 lacis
425 3518 499 3594 iliis,
532 3517 564 3580 in
602 3519 722 3600 quibus
760 3517 913 3594 dicimur,
958 3515 1139 3600 obsignari

51 3599 182 3684 Spiritu
205 3599 328 3667 Sancto
350 3605 388 3666 in
414 3603 501 3667 diem
519 3603 761 3686 redemptionis.
783 3604 872 3687 Epir.
888 3605 931 3667 ir.
948 3603 999 3670 80.
1044 3601 1137 3668 Quo·

49 3687 146 3751 ruodo
171 3688 260 3750 enirn
286 3687 354 3751 iieri
379 3695 500 3771 posset,
520 3697 559 3752 ut
581 3689 707 3772 Spiritu
727 3692 853 3753 Sanoto
876 3689 1139 3772 obsignarernnrt

51 3791 110 3837 neo
122 3781 240 3837 tamen
257 3773 528 3860 preciperemus?
560 3773 646 3838 Sene
663 3783 729 3838 tam
746 3775 852 3839 dnioie
867 3775 1008 3859 Spiritus
1020 3775 1136 3840 Sanoti

51 3861 200 3942 operatio
224 3865 320 3924 tanto
339 3861 461 3942 gaudio
478 3862 603 3923 anirnas
627 3859 805 3942 pertundit,
826 3865 864 3924 ut
878 3859 1008 3924 fidelem
1033 3860 1138 3924 latera

50 3939 211 4028 nequeat;
228 3943 575 4010 hinodioittohennea
594 3945 685 4030 inp.
698 3949 779 4009 eir.
796 3948 845 4011 1³.
878 3945 922 4010 Ite
931 3945 1137 4030 toccogrtoe·
1220 4013 1231 4038 ι

49 4033 167 4104 ee'rrtrre,
183 4031 270 4113 qnod
283 4049 451 4095 muamus
463 4034 597 4112 inipso,
612 4035 644 4093 et
658 4033 780 4111 ipsein
792 4030 898 4110 notu,
912 4033 994 4115 quio
1004 4032 1044 4094 rie
1058 4031 1137 4115 Spu

46 4115 118 4180 rr'trr
132 4137 195 4180 auo
208 4117 302 4181 nobie
316 4117 418 4182 dedit.
461 4117 537 4179 ,ianr
554 4117 720 4200 quornotio
731 4116 800 4178 fieri
821 4125 930 4197 posset
945 4123 984 4179 ut
998 4135 1138 4199 eognos-

47 4219 199 4265 oeremue
229 4221 290 4266 nos
316 4201 438 4286 Spiritu
466 4203 589 4264 Sancto
613 4203 766 4277 donatos,
795 4209 830 4264 et
854 4207 966 4267 tarnen
990 4209 1136 4268 nostrane

48 4285 247 4354 electionem
263 4291 499 4378 ignoraremus,
521 4289 596 4352 otim
623 4289 763 4371 Spiritus
783 4287 927 4352 Sanetus
946 4307 1013 4354 nen
1038 4289 1138 4354 detur

48 4375 110 4437 nisi
131 4373 257 4438 eleotie.
316 4375 349 4438 4.
384 4373 459 4439 Neo
482 4377 598 4460 partim
626 4374 711 4440 bene
736 4373 969 4468 certitudinem
995 4377 1139 4462 probant
