3000 4998
284 499 288 504 .
320 441 384 542 264
625 461 829 514 rarrsonosssx
846 420 1071 514 rummare.
1199 439 1287 530 [ιιι.
1301 439 1424 508 11111.

321 615 457 680 receset
466 617 690 702 aetiopiam,-
712 627 747 682 et
763 617 887 682 flattu.
902 637 959 682 xx.
974 618 1026 682 28.
1071 613 1175 680 Filius
1190 613 1331 678 hominis
1347 633 1406 678 aa·

319 703 380 777 nit,
403 707 440 764 ut
454 701 548 778 daret
562 707 705 768 animam
718 724 811 770 suam
826 711 911 786 aisis·
931 700 986 768 issi
1005 709 1110 776 uasis,
1135 705 1168 764 in
1193 701 1409 764 redemtionis
1490 773 1491 784 ἵ

314 788 464 868 pretium
474 791 672 870 pmrnultis.
717 791 771 853 Ex
786 791 825 852 iis
840 795 927 854 enim
944 791 1025 852 locis
1039 799 1073 850 et
1084 789 1157 850 aliis
1168 787 1329 848 similibus
1347 803 1407 868 pa·

317 879 369 934 tet
382 867 620 938 redemtionem
630 885 774 939 nostram
788 895 854 940 noa
867 875 987 938 factam
1001 877 1130 936 tantum
1141 875 1299 956 ρτσιιιιιιι
1309 889 1407 934 saon·

318 959 506 1035 amissum,
527 967 565 1022 ut
579 967 759 1037 servorum,
782 965 836 1042 qui
851 963 872 1024 a
890 961 1040 1022 Dominis
1056 959 1207 1022 libertate
1221 957 1408 1032 donantur,

319 1046 472 1124 quamvis
495 1043 601 1126 gratif
631 1046 694 1109 Dei
724 1049 845 1109 serrari
876 1045 1048 1120 dicamur;
1075 1061 1143 1108 non
1165 1044 1295 1106 unium
1322 1049 1406 1105 actu

241 1151 245 1159 ¹
319 1127 463 1209 quodam
476 1133 647 1212 potentins,
663 1139 701 1194 ut
715 1135 791 1195 cum
807 1133 929 1214 captivi
945 1149 986 1194 ex
1003 1129 1154 1192 manibus
1171 1127 1313 1190 hortium
1328 1145 1407 1228 eru:

318 1219 431 1288 untur,
453 1220 603 1298 quamvis
630 1215 752 1280 Christi
780 1219 912 1280 victoris
937 1233 1035 1278 mauu
1063 1216 1188 1298 potenti
1209 1231 1251 1278 ex
1278 1211 1410 1276 diaboli·

318 1301 496 1382 tyrannide
512 1303 638 1364 liberati
656 1301 836 1378 fuerimus;
858 1321 924 1364 non
941 1301 1067 1364 tantum
1085 1298 1175 1362 nuda
1186 1301 1408 1380 mallatio-

317 1401 371 1459 ne,
401 1393 437 1448 ιιι
463 1388 495 1450 in
518 1387 604 1450 bello
630 1387 699 1452 lieri
720 1390 852 1464 assolet,
884 1388 1032 1470 quamuis
1057 1384 1210 1448 Christus
1232 1389 1265 1447 in
1289 1384 1408 1448 boun

318 1475 468 1534 nostrum
492 1472 687 1556 subrogatus
711 1473 829 1548 fuerit,
847 1471 905 1536 sed
927 1473 1019 1554 justa
1044 1471 1267 1534 satisfactione
1292 1471 1403 1551 pretio

264 1593 267 1602 ·
317 1553 439 1620 soluto.
483 1557 514 1622 2.
540 1557 630 1620 ldem
654 1558 819 1640 colligitur
835 1575 877 1620 ex
892 1559 930 1620 iis
946 1557 1040 1634 locis,
1060 1559 1094 1620 iu
1116 1555 1234 1638 quibus
1250 1551 1409 1618 Christus
1491 1617 1492 1660 ἢ

318 1635 441 1702 dicitur
461 1643 603 1706 uictima
618 1651 652 1706 et
665 1641 789 1706 oblatio
805 1663 864 1726 pro
875 1641 1061 1706 homiuibus
1085 1641 1206 1724 Ephes.
1219 1661 1250 1704 v.
1260 1639 1292 1704 2.
1315 1639 1409 1704 neb.
1491 1665 1492 1708 1

318 1725 362 1787 ix.
385 1726 433 1802 14,
449 1725 502 1792 28.
523 1725 658 1810 laurigiis,
680 1737 714 1792 et
727 1731 848 1810 faurpis,
871 1729 1134 1810 propitiatorium
1150 1735 1186 1788 et
1200 1727 1407 1810 propitiatio,
1491 1749 1492 1792 3

319 1807 419 1874 Rom.
431 1813 476 1876 iii.
492 1812 546 1876 25.
578 1815 683 1878 lloh.
699 1817 731 1878 ii.
749 1817 780 1878 2.
804 1825 838 1878 et
854 1817 897 1876 iv.
918 1815 964 1876 10.
989 1832 1046 1896 per
1061 1813 1269 1884 allusionem,
1290 1811 1345 1876 rel
1360 1809 1405 1874 ad
1491 1833 1492 1836 ¹

317 1895 479 1962 sacrificia
493 1900 679 1982 expiatoria
693 1903 811 1964 veteris
835 1899 1050 1972 Testamenti,
1072 1899 1124 1960 sel
1138 1895 1180 1970 ad
1198 1901 1305 1980 ipsum
1321 1915 1408 1962 arom

318 1984 524 2062 operculum.
566 1983 693 2048 Rursus
707 2004 749 2050 ex
765 1989 802 2048 iis
815 1986 954 2058 locis,in
970 1985 1090 2066 quibus
1100 1986 1256 2048 asseritur
1263 1985 1405 2064 monta
1491 1999 1492 2002 ¹

317 2071 433 2129 nostro
439 2073 603 2150 portasse,
624 2079 658 2133 et
665 2071 1059 2154 propterea-volmarus,
1074 2063 1232 2150 afflictus,
1247 2073 1407 2144 murm,

319 2145 418 2212 Rom.
436 2155 478 2214 iv.
494 2153 546 2215 26.
584 2155 597 2216 l
612 2153 683 2217 Pet.
697 2157 729 2216 ii.
749 2157 802 2218 24.
836 2155 921 2217 lsara
938 2156 993 2218 liii.
1009 2157 1038 2216 ὁ.
1062 2173 1102 2218 ac
1126 2155 1282 2236 imprimis
1306 2173 1349 2216 ex
1364 2154 1404 2216 iia

317 2233 412 2311 locis,
423 2238 458 2298 in
474 2237 594 2320 quibus
611 2237 763 2302 Christus
775 2239 896 2302 dicitur
912 2241 1018 2304 factus
1029 2249 1213 2320 peccalum,
1228 2247 1405 2303 etaaaoru·

318 2319 368 2382 fio
389 2339 453 2404 pro
470 2321 575 2396 nohis,
598 2323 708 2386 Galat.
724 2325 768 2386 iii.
790 2325 839 2388 13.
874 2325 895 2386 2
913 2323 1066 2388 Corinth.
1083 2346 1112 2388 r.
1130 2327 1182 2390 21.
1227 2327 1258 2390 ³.
1287 2323 1341 2388 Et
1366 2327 1405 2388 iis

317 2401 412 2482 locis,
434 2405 489 2470 ubi
515 2405 665 2472 Christus
687 2409 781 2472 nobis
803 2415 1009 2492 proponitur,
1031 2417 1068 2473 ut
1093 2429 1189 2474 verus
1209 2429 1250 2474 ac
1275 2412 1409 2496 proprie

317 2487 428 2554 dictus
438 2495 603 2570 sacerdos,
618 2495 770 2559 omnibus
781 2493 1005 2560 sacerdotibus
1018 2493 1174 2560 [leviticis
1189 2499 1411 2579 prestantior,

317 2577 377 2658 qui
395 2597 453 2660 per
466 2581 517 2644 sui
532 2580 733 2644 oblationem
750 2581 830 2644 iram
849 2580 912 2648 Dei
928 2581 1083 2664 placarit,
1097 2589 1131 2645 et
1145 2589 1299 2646 eternam
1315 2601 1404 2644 oon·

334 2665 625 2742 aravitsalutem;
656 2665 725 2730 lrrec
748 2669 865 2749 passim
890 2667 1044 2750 leguntur
1065 2669 1098 2730 io
1115 2665 1186 2730 tort
1208 2666 1343 2752 epistoll
1357 2665 1401 2730 ad

356 2747 489 2810 ebrmos.
534 2749 664 2816 Quibus
678 2749 755 2814 addi
770 2771 900 2835 quoque
916 2759 1054 2834 possunt
1067 2753 1133 2816 alia
1148 2751 1236 2830 loca,
1255 2753 1309 2816 ubi
1320 2752 1403 2818 dioi-

318 2847 394 2892 mur
410 2833 612 2896 reconciliati
628 2853 703 2898 cum
720 2835 794 2898 Deo
812 2857 863 2918 per
879 2841 1071 2920 sanguinem
1085 2837 1218 2902 Christi.
1244 2838 1371 2902 coloss
1382 2841 1406 2903 i.
1492 2883 1493 2906 i

317 2911 370 2976 20.
411 2915 509 2982 R'om.
537 2938 567 2982 a.
593 2920 641 2984 10.
665 2920 739 2984 Nec
768 2924 884 2986 mirum
916 2929 977 3000 est,
1013 2927 1040 2987 si
1070 2923 1223 2990 dicantur
1253 2923 1409 2989 homines
1492 2979 1493 2994 .

318 3002 524 3066 reconciliati
551 3019 626 3070 cum
656 3005 740 3083 Deo,
767 3027 833 3070 non
866 3013 943 3072 rerd
964 3006 1104 3072 dicatur
1129 3017 1282 3094 expresse
1313 3009 1410 3076 Deua

319 3088 553 3152 reconciliatus
568 3110 644 3155 aum
668 3093 767 3175 ipsis3
797 3112 872 3158 nam
891 3092 944 3158 blo
969 3103 1018 3158 est
1040 3098 1224 3158 communis
1249 3095 1408 3179 loquendi
1492 3079 1493 3104 ³

320 3171 436 3235 niodus
448 3175 540 3257 apud
549 3192 662 3240 omues
672 3187 804 3260 gentes3
826 3179 958 3261 quando
970 3199 1026 3244 rex
1037 3181 1184 3246 inienuus
1197 3190 1248 3244 est
1261 3181 1412 3260 subdito,

319 3257 345 3318 si
362 3257 512 3322 subditus
528 3263 708 3326 satisfaciat
728 3267 811 3346 regi,
832 3264 955 3328 dicitur
978 3265 1209 3332 reconciliatus
1223 3285 1301 3332 cnm
1319 3285 1409 3350 rege,

320 3349 387 3404 non
405 3349 482 3406 vero
505 3343 628 3410 dicitur
644 3367 702 3412 rex
729 3349 960 3414 reconciliatus
981 3369 1057 3414 cuns
1078 3351 1228 3418 subditis.
1273 3351 1329 3416 lta
1350 3357 1410 3438 qui

318 3427 513 3494 recordatur
532 3431 666 3496 fratrem
690 3432 811 3496 habers
834 3435 960 3517 aliquid
981 3437 1155 3502 advorsum
1177 3457 1224 3514 aa,
1245 3436 1348 3502 debet
1365 3458 1415 3504 ex

320 3516 511 3597 prescripto
529 3515 665 3582 Domini
681 3519 727 3581 illi
746 3521 962 3598 reconciliari,
984 3519 1151 3587 Mattius.
1164 3521 1216 3586 21.
1240 3526 1321 3607 qnia
1343 3525 1411 3590 fra·

319 3602 404 3660 tr'em
420 3599 546 3663 scilicet
561 3598 697 3666 offendit
710 3625 727 3679 ι,
747 3605 794 3674 sic
809 3605 912 3668 locuti
931 3605 1085 3672 Etlinici:
1112 3607 1289 3676 Tecmessa
1311 3607 1409 3674 iudu-

320 3683 408 3746 citur
433 3701 569 3750 narrans
594 3685 733 3770 Ajacem
760 3691 946 3772 profectum
972 3711 1054 3771 esse,
1081 3695 1111 3764 ὅς
1133 3693 1319 3780 mangi,
1345 3695 1412 3768 θυῖε

319 3773 412 3849 χέλυν,
434 3777 472 3834 nt
486 3776 715 3838 reconcilietur
731 3773 813 3838 Diis
827 3775 865 3839 ob
880 3780 977 3844 from.

364 3857 443 3920 Non
460 3863 588 3922 ιιιιιιιιιιι
603 3861 680 3924 vara
694 3861 851 3926 satisfecit
865 3859 1016 3928 Clrristus
1026 3885 1085 3950 per
1096 3864 1182 3930 hanc
1193 3865 1411 3946 oblationem,

320 3939 377 4004 sed
394 3949 427 4005 et
445 3945 600 4026 panicii,
616 3943 658 4008 de
672 3965 740 4028 quo
750 3947 903 4012 dubitare
918 3969 984 4014 non
996 3955 1190 4032 patiuntur„
1216 3951 1241 4014 1.
1256 3951 1411 4018 Personas

319 4027 550 4092 satisfacientis
564 4030 730 4112 dignitas,
745 4051 819 4115 qum
835 4055 894 4098 suo
909 4033 1069 4100 sacrificio
1083 4037 1247 4100 inlinitum
1260 4039 1410 4104 valorem

319 4111 459 4188 addidit,
481 4113 512 4176 2.
542 4115 778 4182 Testimonium
795 4117 909 4194 Pauli,
932 4123 986 4203 qui
1002 4123 1060 4196 ait,
1085 4123 1215 4186 Helax.
1232 4123 1278 4186 ll.
1305 4129 1409 4190 mind

320 4195 484 4261 oblatione
499 4205 535 4263 ia
552 4211 746 4284 perpetuum
761 4209 986 4270 consummari
998 4209 1058 4289 qui
1070 4207 1346 4287 sanctificantur,
1378 4211 1405 4272 8.

324 4277 535 4346 Resurrectio
561 4285 698 4363 utristi,
730 4308 801 4372 qum
828 4294 1044 4356 certissimum
1072 4295 1135 4358 fuit
1164 4295 1407 4378 perfectissima

321 4365 554 4456 satisfactionis
569 4371 700 4454 pignus.
743 4371 810 4442 Qut
826 4374 922 4458 plura
933 4395 1031 4462 super
1047 4377 1111 4444 hac
1126 4399 1162 4444 ra
1177 4399 1273 4444 nosse
1284 4379 1406 4466 cupiet,
