3000 5006
82 145 200 189 mnnns
221 123 285 192 iliis
305 122 405 208 jactis
415 143 547 190 ,cessare
564 125 700 202 debuit;
722 125 834 208 quales
848 125 982 192 fuerunt
1004 129 1032 197 i.
1056 131 1165 215 Apes.

83 215 149 286 toli,
171 229 314 294 quorum
340 212 474 274 inerunt
500 212 708 276 characteres
734 211 926 294 peculiares,
951 216 1021 296 (l.)
1042 217 1164 286 Missis

82 316 133 359 sen
160 300 292 360 vocatio
319 297 519 362 immediato
547 299 590 359 ab
616 299 687 378 ipso
718 295 865 375 Christo,
895 301 944 360 nti
975 303 1166 370 immediata

78 383 260 446 instructio.
302 381 547 463 (ciconiaria
571 384 661 448 visio
684 382 810 445 Christi
832 385 853 452 d
877 391 982 447 morte
1004 391 1164 454 suscitati.

77 465 142 547 1(8)
157 467 308 532 Dianium
322 463 459 548 afflatus
474 474 508 530 et
523 467 749 542 infallibilitas‚
769 468 904 532 deducti
929 473 1015 533 enim
1037 483 1114 536 sunt
1131 479 1165 542 in

75 571 206 616 omnem
231 554 412 616 veritatem.
456 553 525 632 (4.)
546 551 797 621 vulnerantium
818 558 974 631 mummia,
992 557 1101 620 missio
1121 559 1166 623 ad

79 645 178 702 toturn
196 636 367 702 mundum.
412 637 480 718 (li.)
496 637 884 705 Donummiruculorum.
929 642 998 722 (6.)
1016 643 1168 712 Potestne

74 725 256 806 judicialis
278 732 313 786 et
338 723 539 805 legislatoris
564 726 596 786 in
621 725 786 807 spirituali
815 725 972 788 Ecclesia
999 731 1168 808 regimine.

69 803 107 868 ’2.
129 808 318 892 Proprium,
355 808 467 872 lCor.
489 811 545 873 xii.
570 809 623 874 28.
658 809 745 892 Eph.
769 812 813 872 ir.
841 811 885 876 ll.
912 818 946 872 et
969 832 1010 876 eo
1032 817 1167 878 uomina

78 891 331 976 designabantur
346 893 489 977 quidam,
503 895 559 978 qni
570 895 729 978 peculiari
744 894 972 973 dououeieres
982 897 1169 981 Scripturas

74 981 309 1062 explanabunt,
334 981 523 1063 prophetias
545 982 858 1063 interpretabantur,
881 982 993 1044 divina
1014 989 1173 1068 mysteria

78 1065 298 1146 explicabant,
314 1085 354 1129 ac
376 1065 489 1128 lutura
508 1066 732 1148 predicabant
746 1067 937 1149 aliqnando,
960 1068 1036 1132 Act.
1053 1073 1097 1132 xi.
1113 1071 1167 1147 27.

77 1149 126 1220 28.
147 1155 203 1214 nii¹
231 1153 280 1232 to,
299 1151 344 1215 ll.
384 1154 415 1214 ti.
434 1151 610 1234 Prophetis
624 1161 844 1216 accensentur
858 1155 1091 1236 euangelistae,
1108 1160 1167 1240 qni

73 1236 1196 1406 truhtin*'ili'titillitltsszitllt'ttulit·

79 1409 146 1470 rice
160 1409 399 1492 iungebantur,
416 1409 529 1490 quales
546 1407 695 1484 Morcus,
713 1409 835 1482 brecus,
853 1370 1046 1492 Philippus.
1106 1347 1126 1410 q

115 1491 145 1554 V
175 1494 304 1563 Quoad
327 1495 500 1558 ministros
521 1494 724 1568 ordinarios,
744 1500 822 1561 sunl
840 1497 1004 1576 pusiones,
1030 1499 1167 1578 epoptas,

76 1585 213 1658 spis-iisse,
226 1586 371 1656 teum,
391 1581 563 1662 veredis-spos,
580 1583 766 1661 promiscue
781 1579 872 1656 dicti,
887 1579 1005 1665 quibus
1019 1585 1074 1646 alii
1095 1589 1170 1649 doo-

75 1667 158 1729 toreo
175 1669 334 1750 jungunt,
349 1665 393 1730 de
414 1669 535 1750 quihus
563 1665 648 1748 Eph.
667 1668 711 1728 ir.
728 1665 775 1728 ll.
820 1665 874 1732 An
896 1670 974 1730 reth
993 1667 1169 1735 ductorum

75 1766 189 1815 mouns
204 1753 529 1828 ineritords'nurism‚
545 1769 588 1816 an
599 1752 929 1826 extraordinarium
945 1769 986 1815 an
998 1757 1169 1822 doctorum

74 1843 106 1896 et
116 1846 304 1918 pastorum,
321 1857 441 1902 munus
453 1839 552 1920 luerit
569 1857 683 1913 unum,
697 1857 742 1902 an
754 1839 960 1912 distinctum,
975 1841 1171 1924 inquiritur?

75 1918 146 1986 Hoc
160 1937 302 1998 certum,
326 1925 531 2004 Scriptorum
550 1941 616 1985 non
642 1925 831 1986 meminisse
856 1923 1044 2001 doctorum,
1068 1947 1172 2009 quum

75 2009 223 2072 meminit
249 2009 479 2072 ministrantia
502 2007 763 2076 ordinariorum,
790 2005 908 2067 lTim.
926 2009 970 2070 iii.
992 2008 1018 2068 l.
1041 2013 1101 2073 duc.
1134 2021 1170 2078 et

76 2093 209 2172 quando
220 2093 371 2177 loquitur
382 2090 424 2152 de
436 2089 899 2164 ministrisestroordinortis‚
909 2093 1082 2157 nominare
1093 2097 1170 2160 doo-

71 2181 170 2244 tores.
185 2195 256 2240 non
271 2175 456 2259 episcopos,
474 2173 562 2258 Epir.
578 2175 622 2236 ir.
642 2174 690 2236 ll.
717 2175 730 2237 i
751 2173 896 2238 Coaxii.
914 2175 966 2241 28.
989 2177 1169 2247 ministerii

72 2263 247 2326 ordinarii
266 2263 507 2326 institutionem
525 2259 713 2342 probamus,
738 2260 765 2322 l.
788 2259 838 2323 Ex
853 2281 893 2323 eo
909 2263 1000 2346 qnod
1016 2263 1171 2350 Apostoli

72 2349 197 2429 passim
211 2349 378 2412 ministros
390 2345 584 2420 ordinarios,
600 2345 815 2428 persingulas
832 2345 999 2412 Ecclesiae
1010 2358 1171 2419 constitu-

75 2439 186 2510 erunt,
211 2442 250 2498 et
278 2435 439 2497 constitui
469 2432 656 2502 vol-nerunt.
679 2430 794 2495 Actor.
822 2435 888 2494 xiv.
914 2433 967 2498 2³.
994 2435 1061 2501 Tit.
1087 2443 1109 2502 i.
1137 2445 1170 2504 8.

77 2517 107 2580 2.
129 2517 187 2582 Ex
203 2539 243 2583 eo
265 2517 354 2608 quod
373 2518 449 2582 illos
468 2517 624 2587 dicanti
644 2516 715 2580 lieo
734 2517 905 2591 institutos
927 2525 964 2580 ut
987 2519 1172 2590 Ecclesiam
1261 2595 1264 2603 ,

29 2623 31 2640 ¹
80 2611 230 2684 pascant,
251 2605 365 2669 Actor.
381 2621 440 2668 xx.
457 2603 510 2667 28.
533 2609 568 2666 et
589 2601 632 2665 ad
648 2601 723 2666 illos
743 2601 899 2684 epistolas
916 2621 992 2665 suns
1014 2605 1172 2689 dirigunt,

80 2685 162 2752 Phil.
179 2692 201 2754 i.
221 2691 248 2755 1.
266 2693 410 2776 ipsisque
427 2689 585 2758 Ecclcslta
600 2703 714 2751 curam
731 2687 948 2763 concredunt,
963 2687 1041 2753 Act.
1053 2709 1110 2756 xx.
1122 2693 1171 2760 l'i.

77 2771 108 2836 ,8.
131 2775 279 2858 Regulus
292 2775 521 2861 proscribunt,
544 2774 645 2858 juxta
660 2791 742 2858 quas
757 2773 887 2838 illorum
910 2775 1030 2838 electio
1051 2779 1085 2840 in
1102 2797 1174 2863 per·

79 2865 217 2940 petuam
231 2861 303 2927 beri
319 2861 450 2937 debeat,
475 2863 489 2924 i
508 2859 596 2924 Tim.
610 2861 656 2923 iii.
676 2859 703 2922 l.
727 2857 794 2923 Tit.
811 2861 832 2922 i.
846 2860 880 2934 h,
892 2859 927 2936 6,
943 2861 973 2922 7.

122 2945 184 3012 vt.
208 2947 378 3013 Summam
398 2955 511 3011 antem
534 2945 710 3012 utilitatem
728 2945 910 3022 ministerii,
932 2965 1030 3010 nemo
1045 2955 1095 3012 est
1117 2953 1173 3034 qni

80 3045 146 3096 nou
162 3033 285 3100 rideat.
320 3033 374 3098 Dc
382 3035 453 3118 ejus
464 3034 655 3117 praestantia
669 3049 735 3096 non
751 3024 930 3109 dubitabit,
940 3035 996 3116 qui
1011 3038 1175 3115 attendet,

85 3113 111 3177 l.
136 3117 245 3186 Deum
259 3121 361 3204 ¹hujus
376 3121 547 3184 ministerii
567 3137 638 3182 esse
651 3123 833 3182 auctorem.
875 3117 908 3180 2.
933 3117 1067 3183 Versari
1083 3124 1174 3187 circa

80 3205 206 3270 animas
224 3207 407 3283 hominnm,
422 3211 456 3269 et
468 3211 615 3269 tractare
625 3205 785 3287 mysteria
800 3203 954 3267 sublimia
967 3207 1060 3288 regni
1077 3207 1175 3271 coelo·

84 3301 164 3352 rum.
198 3291 230 3358 8.
248 3291 429 3366 Christum,
445 3289 641 3374 Prophetas,
657 3295 692 3354 et
706 3289 885 3373 Apostolos
901 3289 965 3354 hoc
976 3294 1173 3360 exercuisse.

84 3369 113 3433 4·
135 3373 188 3440 Ad
216 3377 386 3444 hominnm
407 3377 670 3451 renovationem,
689 3377 952 3453 conversionem,
976 3375 1116 3442 salntem
1139 3386 1175 3448 et

84 3453 275 3528 felicitatem
290 3467 478 3528 institutum
495 3463 606 3527 luisse.

125 3541 204 3614 vti.
219 3549 272 3614 De
283 3549 501 3635 qualitatibus
513 3543 689 3610 Pastorum
697 3543 885 3610 audiendus
899 3545 1034 3623 Paulus,
1054 3549 1066 3613 l
1083 3549 1170 3618 Tim.

83 3624 128 3692 iii.
141 3635 202 3700 &c
227 3643 265 3699 ut
279 3643 315 3700 et
329 3635 372 3698 de
386 3633 587 3707 obedientia,
603 3633 741 3706 bonore,
761 3649 885 3708 amore,
901 3651 999 3715 quem
1015 3635 1093 3717 ipsis
1115 3637 1172 3704 de·

83 3706 159 3808 beni
175 3722 300 3804 populi,
324 3721 408 3786 lleh.
419 3722 488 3784 xiii.
501 3721 533 3795 7,
552 3719 613 3782 lt:
625 3719 686 3782 hc.
720 3715 1044 3784 Observandum‘hlc
1061 3727 1172 3789 tamen

81 3792 178 3872 iacere
190 3810 364 3900 ipsosnon
377 3803 505 3888 andire,
520 3823 623 3894 quum
636 3805 662 3870 a
675 3802 830 3875 doctrina
846 3801 971 3882 Christi
993 3808 1174 3890 recedunt3
