2994 4996
371 463 413 528 'tt
680 451 882 534 rnnouoors
905 479 1129 533 cnnrsrrnsu.
1309 466 1391 554 [Lib.
1403 465 1442 534 11.

365 637 521 715 scutiolis,
532 639 664 722 justitio
674 639 872 702 vindicatrix
886 643 1006 720 puriter
1018 637 1198 704 essentialis
1208 639 1287 714 erit;
1301 641 1327 701 si
1339 651 1443 706 nutem

360 722 492 804 justitia
507 724 704 790 vindicatrix
719 729 749 788 ei
764 729 945 792 essenustis
959 732 1020 799 ert,
1042 743 1108 788 non
1123 729 1246 808 poterit
1259 727 1325 804 poti
1338 745 1443 808 pecct-

364 818 434 870 tum
447 812 588 874 inuitum
645 811 678 874 N
681 831 723 872 on
741 815 843 892 igitur
858 807 1103 892 concipiendus
1116 811 1263 872 estDeus
1280 815 1442 876 creditoris

367 893 410 956 ed
426 897 539 973 instar,
555 899 610 980 qui
627 896 669 960 de
680 897 756 980 jure
767 915 828 958 sno
845 901 1010 958 remittere
1024 905 1141 976 potest,
1158 899 1444 978 quamvispeceotu

368 979 463 1044 nobis
482 991 518 1044 ut
540 981 653 1046 debito
676 991 960 1065 represententur,
986 983 1066 1066 quio
1088 1001 1148 1044 nos
1162 979 1204 1044 cd
1222 999 1350 1064 poenom
1370 985 1443 1045 obii·

367 1075 458 1146 gent.
503 1067 569 1132 Sed
584 1069 625 1130 cd
641 1071 743 1130 instar
762 1068 914 1129 Rectoris
938 1069 1091 1142 universi,
1113 1085 1154 1128 cc
1175 1085 1291 1128 summi
1314 1066 1443 1144 inditus,

391 1153 423 1214 oi
459 1172 592 1216 suorum
624 1153 731 1235 legum
765 1155 968 1233 majestatem
997 1163 1118 1214 sartum
1150 1161 1348 1236 tectumque.
1370 1156 1444 1217 tueri

367 1169 478 1312 debet,
500 1258 661 1324 quemque
683 1240 845 1320 justitium
861 1257 953 1300 suum
970 1241 1104 1320 impune
1119 1237 1239 1300 offendi
1265 1241 1332 1321 poti
1350 1243 1445 1302 neuti-

365 1341 464 1405 qnom
480 1324 625 1389 deceret.
666 1323 688 1385 2
721 1325 753 1386 Si
766 1325 896 1405 justitio
911 1323 969 1384 iiis
984 1323 1058 1385 Deo
1079 1327 1260 1386 essentialis
1275 1344 1342 1386 non
1358 1333 1444 1401 esset,

366 1408 460 1470 nulio
487 1413 570 1472 ratio
600 1411 745 1490 legitimo
776 1415 886 1492 posset
911 1410 1030 1482 afferri,
1063 1427 1122 1470 cur
1147 1409 1392 1472 dilectissimum
1416 1419 1446 1472 et

365 1496 607 1558 sanctissimum
637 1493 758 1558 Filium
784 1496 881 1556 morti
906 1494 1113 1568 tradidissem
1144 1500 1373 1558 summuenim
1391 1497 1444 1560 liei

365 1581 527 1729 sapientie
544 1601 608 1728 opp
626 1583 758 1727 ppritur,
782 1587 819 1641 ut
833 1579 983 1642 diosmus
999 1580 1080 1640 iilud
1096 1583 1198 1660 gratis
1213 1589 1248 1643 et
1263 1585 1335 1644 sine
1352 1587 1445 1644 mcxi·

368 1683 399 1728 m
438 1685 560 1728 necessi
600 1679 633 1728 te
661 1677 784 1728 sctum.

410 1750 472 1814 iV.
497 1751 570 1814 Hoc
596 1751 821 1818 confirmetur,
851 1757 920 1812 tum
951 1769 994 1812 ex
1020 1753 1233 1818 comedentem
1252 1753 1443 1828 dictamine,

367 1853 439 1919 qum
455 1839 540 1900 sistit
558 1837 705 1899 homines
720 1837 761 1899 ud
780 1836 923 1898 tribune}
940 1835 1016 1911 Dei,
1038 1847 1072 1896 et
1086 1855 1160 1918 quse
1176 1857 1233 1897 eos
1247 1845 1379 1918 torquet
1394 1841 1444 1900 mi·

365 1928 436 1986 rere
460 1929 534 2006 post
553 1923 732 1985 admissum
756 1925 884 1996 scetus3
917 1929 988 1982 tum
1004 1939 1045 1983 ex
1068 1923 1267 2000 populorum
1281 1943 1444 2000 ωιιιιιιιιι,

364 2007 454 2088 apud
471 2027 554 2088 qnos
569 2009 632 2068 istu
648 2009 827 2090 persuasio,
846 2005 954 2068 Deum
967 2025 1036 2069 esse
1047 2006 1175 2086 justum
1187 2007 1335 2088 judicem
1353 2011 1444 2072 sceie-

365 2109 450 2164 rnm,
472 2096 519 2154 its
534 2093 689 2163 obtinuit,
711 2100 748 2154 ut
765 2093 912 2153 homines
928 2094 1014 2173 ipsos
1035 2095 1262 2166 mactaverint,
1284 2105 1443 2176 sperantes

365 2175 430 2240 hoo
446 2175 545 2238 modo
560 2179 645 2240 iruto
661 2177 787 2240 sumini
813 2176 976 2252 litaturos,
998 2183 1069 2238 tum
1096 2176 1153 2239 iilo
1168 2180 1257 2240 omni
1277 2180 1444 2244 monteio-

362 2279 436 2328 ιιιιιι
452 2271 614 2344 cppsrstn
629 2278 670 2324 ec
687 2259 849 2343 pecudum
866 2262 1013 2334 tnuienis,
1036 2262 1155 2344 quibus
1168 2263 1202 2325 in
1218 2267 1321 2327 veteri
1340 2267 1444 2330 Testr-

363 2355 476 2411 mesto
491 2349 668 2411 necessitas
682 2349 881 2429 expiationis
894 2353 1120 2430 peccmornm,
1137 2353 1175 2410 ut
1180 2348 1318 2433 justitie
1335 2352 1444 2415 divino

363 2432 546 2510 satisfieret,
567 2432 836 2496 odnmbrnbotnr.

408 2517 450 2582 V.
463 2519 591 2584 funem
598 2518 750 2603 equidem
763 2522 901 2582 vocetur
912 2535 996 2602 opus
1006 2519 1071 2582 Dei
1083 2517 1238 2585 sirenum.
1277 2521 1319 2584 Is.
1338 2525 1444 2587 xxviii.

363 2603 413 2670 21.
430 2605 488 2668 sed
503 2605 578 2668 ided
593 2604 656 2668 hoc
670 2603 802 2680 dicitur,
829 2605 908 2688 quie
922 2605 1020 2688 longe
1036 2605 1111 2668 Deo
1126 2609 1253 2687 gratius
1278 2607 1377 2686 iuret,
1394 2611 1444 2694 qni

364 2698 471 2752 morte
487 2695 697 2772 peccatorum
714 2709 781 2752 uon
797 2688 994 2764 deieetstnr,
1014 2693 1041 2751 si
1059 2689 1208 2754 homines
1228 2693 1276 2756 ite
1289 2697 1445 2772 viverent,

365 2780 404 2836 nt
420 2775 530 2838 nutius
541 2773 677 2858 judiciis
692 2776 758 2836 suis
773 2773 907 2838 deretur
922 2774 1036 2850 locus;
1062 2779 1278 2860 preterqudm
1292 2779 1382 2862 qnod
1397 2781 1444 2844 hic

364 2861 474 2942 agitur
498 2859 540 2923 de
566 2859 713 2922 vindicta
739 2861 803 2923 Dei
827 2862 860 2922 iu
887 2859 1047 2942 poputum
1069 2879 1178 2926 suum.
1222 2864 1312 2927 Alibi
1340 2873 1442 2931 tomen

364 2951 506 3010 testatur
533 2945 625 3008 Deus
648 2965 683 3008 se
704 2963 746 3007 ex
761 2946 935 3028 impiorum
976 2963 1050 3008 mnu
1068 2948 1330 3014 consolationem
1348 2955 1444 3038 perci·

364 3049 453 3116 pere.
498 3031 578 3094 Hos.
595 3051 628 3094 x.
649 3032 697 3096 10.
721 3029 832 3094 Amos.
850 3051 881 3093 v.
899 3031 929 3095 9.
989 3037 1055 3094 ent.
1072 3035 1187 3097 xxviii.
1199 3035 1251 3098 63.
1277 3035 1319 3099 is.
1336 3040 1358 3100 i.
1374 3039 1423 3101 24.

408 3117 469 3180 VI.
494 3115 575 3181 Huc
597 3118 727 3200 justitio
756 3116 951 3200 plerumque
977 3117 1128 3198 procedit
1154 3118 1245 3181 tento
1275 3123 1382 3204 gradu
1406 3123 1445 3186 ud

363 3209 575 3286 peccatorum
602 3202 794 3278 vindictam,
816 3202 872 3264 sed
897 3201 1085 3264 tarditatem
1108 3205 1262 3288 supplicii
1286 3213 1445 3289 gravitate

363 3293 566 3372 conpensu.
612 3287 734 3351 Elucet
748 3289 781 3349 in
803 3287 956 3386 pmnibus
976 3287 1040 3349 Dei
1052 3287 1198 3368 judiciis,
1219 3290 1275 3354 sed
1292 3295 1447 3380 imprimis

362 3369 1447 3550 nutrit?ttt‘tiutt‘tt‘ttuu:zittert-¹:322

361 3545 403 3609 de
425 3544 584 3620 Veritate,
606 3549 640 3606 et
654 3543 835 3607 Fidelitntc
863 3543 936 3618 Dei,
959 3563 1032 3625 qure
1047 3565 1129 3608 vooe
1140 3548 1277 3630 justitie
1292 3571 1358 3615 nou
1378 3557 1445 3616 rord

361 3630 576 3709 significetur,
624 3637 661 3690 ut
690 3627 828 3690 dictum.
880 3625 1015 3692 Veritus
1045 3631 1226 3716 eliquendo
1255 3639 1444 3720 simpliciter

364 3713 594 3780 rectitudinem
609 3711 758 3786 denotat,
781 3720 819 3776 ut
835 3712 888 3776 Ps.
898 3715 968 3776 xix.
985 3715 1034 3779 10.
1056 3715 1199 3782 Judt'cv'o
1211 3717 1280 3785 Dei
1287 3723 1445 3788 dicontur

362 3821 457 3879 uero,
477 3799 511 3863 id
526 3806 577 3862 est
590 3803 692 3873 recto,
713 3798 771 3862 sed
787 3801 906 3862 veritos
921 3819 1057 3882 quoque
1072 3805 1223 3881 sumitur,
1256 3810 1309 3872 vel
1330 3811 1357 3874 1.
1384 3811 1444 3874 Pro

362 3889 594 3951 couiormitute
609 3885 774 3948 dictorum
787 3885 851 3949 Dei
863 3903 938 3948 oum
954 3891 1058 3949 mente
1071 3889 1204 3968 divion,
1219 3898 1338 3958 etcum
1350 3896 1444 3960 robus

362 3976 462 4055 ipsisr
493 3973 662 4036 nonenim
679 3974 799 4034 veritus
816 3971 946 4034 Deiest
966 3975 1005 4034 ut
1026 3974 1147 4036 veritus
1171 3975 1352 4056 homiuum,
1376 3999 1444 4064 qute

361 4057 569 4122 solummodo
580 4065 715 4121 estcum
726 4063 836 4120 mente
847 4057 1072 4136 conformitas,
1087 4059 1164 4125 licet
1174 4062 1218 4126 ob
1229 4064 1443 4146 plurimarum
1479 4115 1480 4149 ,

360 4163 471 4206 rernm
497 4145 729 4225 ignoruntium,
751 4141 951 4225 quandoque
977 4143 1075 4208 rebus
1100 4163 1167 4208 non
1193 4150 1235 4211 sit
1255 4151 1443 4216 conformis.

361 4229 534 4294 Tribuitur
549 4227 606 4290 iiic
622 4227 697 4291 Deo
720 4228 818 4292 Rom.
834 4229 879 4290 iii.
896 4230 926 4291 9.
950 4227 1017 4292 Est
1032 4229 1124 4295 Deus
1137 4251 1251 4297 verax.
1295 4237 1362 4301 Tit.
1376 4240 1396 4301 i.
1412 4237 1442 4300 2.

361 4308 632 4381 vocaturitrotir·
681 4311 787 4378 Verus
808 4319 859 4376 est
881 4313 917 4377 in
939 4315 1095 4394 omnibus
1116 4317 1231 4398 dictis,
1248 4325 1443 4408 promptis,
