2994 4996
457 911 916 1014 cuursuruum
952 846 1385 1028 uuuonourm
1471 933 1472 938 ψ

699 1153 858 1268 runnu
884 1151 1147 1253 quernus.

484 1365 547 1444 De
566 1363 767 1440 Creutiouis
783 1363 944 1462 Decreto
960 1369 996 1434 et
1012 1361 1055 1438 de
1075 1358 1265 1436 erectione
1279 1357 1369 1458 ipsu.

785 1575 1068 1638 *mow-

738 1747 891 1814 oueur
916 1711 1121 1813 paruum,

735 1917 784 1974 De
803 1916 946 1976 &wdone
963 1919 994 1974 in
1011 1931 1118 1992 geom.

386 2121 414 2186 1.
436 2075 623 2193 PRIMO
647 2121 757 2186 Deum
782 2121 964 2188 decrevisse
979 2119 1140 2186 mundum
1155 2119 1300 2184 condere
1315 2117 1452 2190 diximus,
1471 2149 1472 2162 ,

384 2213 419 2270 et
449 2225 498 2268 ree
523 2209 595 2290 ipsa
619 2205 786 2290 loquitnr;
809 2211 899 2291 prius
916 2209 1013 2270 ‘enirn
1036 2206 1077 2268 de
1101 2205 1283 2270 condendis
1312 2203 1453 2268 creaturis

385 2289 598 2374 cogitandum
610 2299 693 2369 erat,
704 2295 883 2374 antequem
892 2291 1136 2368 decerneretur,
1148 2289 1227 2372 quid
1237 2289 1278 2353 de
1288 2290 1355 2354 illis
1363 2289 1452 2352 lieret.
1471 2327 1472 2346 ἶ

428 2377 472 2440 11.
498 2375 536 2438 ln
552 2377 700 2464 rationes
710 2379 875 2458 inquirere
889 2383 1038 2439 nostrum
1054 2395 1122 2438 non
1136 2381 1197 2452 est,
1218 2395 1278 2441 cur
1296 2375 1399 2450 Dens,
1410 2373 1455 2454 qui
1471 2395 1472 2436 1

383 2461 427 2526 ad
452 2479 546 2526 snam
561 2461 753 2526 felicitatum
768 2463 862 2525 nobis
877 2465 1067 2546 neutiquam
1089 2459 1227 2544 indiget,
1249 2459 1291 2524 de
1315 2457 1472 2530 creaturis

384 2545 535 2612 creandis
549 2549 756 2629 cogitaverit,
778 2549 864 2613 ntiis
880 2566 914 2611 se
929 2547 1188 2610 communicaret
1199 2553 1234 2613 et
1243 2564 1323 2609 snas
1334 2547 1456 2610 virtutes
1471 2591 1472 2594 η

383 2631 555 2716 penderet.
601 2633 753 2696 Hominis
763 2651 831 2697 non
843 2631 1034 2696 esteauelle
1045 2633 1139 2707 scire,
1150 2651 1221 2716 qum
1233 2632 1330 2695 Deus
1340 2629 1472 2710 occrslta¹

381 2735 453 2778 esse
467 2717 593 2779 soluit:
616 2737 714 2783 nosse
726 2720 806 2782 eatis
815 2724 866 2782 est
879 2715 1050 2782 decretum
1061 2715 1145 2780 illud
1159 2716 1346 2802 impletum,
1365 2729 1455 2797 quan·

383 2799 429 2862 do
443 2817 596 2884 supremo
617 2801 695 2867 hnic
712 2801 791 2865 Enti
814 2803 942 2886 placuit
960 2819 1084 2872 creare,
1106 2801 1195 2885 quod
1209 2801 1409 2874 decreverat,
1429 2801 1456 2858 et

383 2903 599 3034 eorum,dqusa
614 2887 656 2950 eb
671 2892 793 2952 eterno
808 2887 1045 2972 sapientissime
1058 2887 1192 2952 molitus
1206 2891 1278 2952 erat
1304 2883 1456 2950 executio·

382 2989 458 3033 nem
474 2989 512 3032 or
536 2989 586 3035 ιιι.

427 3055 491 3120 111.
514 3053 669 3124 Querere
685 3059 784 3123 etiam
808 3057 998 3136 condecet,
1021 3078 1081 3122 cur
1107 3079 1173 3123 non
1196 3059 1294 3124 citius
1309 3053 1455 3122 mnndum

384 3140 570 3207 condiderit
583 3143 690 3222 Deue3
711 3147 793 3209 scite
804 3147 878 3228 pius
887 3143 943 3208 ille
953 3163 1066 3221 senex,
1080 3163 1184 3227 quum
1196 3150 1371 3230 protervus
1381 3141 1457 3225 quis·

383 3227 471 3316 piam
501 3247 543 3290 ex
569 3249 609 3293 eo
633 3249 692 3313 per
721 3227 899 3293 ludibrium
923 3235 1093 3312 quereret,
1114 3227 1196 3313 qnid
1217 3234 1297 3294 ante
1321 3232 1472 3293 creatum

383 3310 544 3375 mundum
559 3315 679 3398 egisset
694 3313 798 3391 Deus,

648 3485 802 3544 ruerem
815 3451 941 3556 acea,
958 3487 1039 3554 aea,

645 3565 700 3623 Hir
715 3584 782 3642 quoe
793 3574 909 3625 mutat
924 3569 994 3628 tatio
1006 3575 1095 3626 m
1106 3565 1199 3642 janot.

427 3729 488 3796 1v.
513 3727 577 3792 Per
587 3731 785 3795 maclianum
793 3736 905 3794 autern
920 3730 1104 3796 nihilalind
1119 3731 1348 3816 intelligimus,
1370 3731 1459 3816 quim

381 3822 495 3882 actum
510 3815 609 3878 istum
620 3815 800 3880 voluntatis
820 3816 950 3894 divine,
972 3836 1139 3901 perquem
1154 3823 1265 3883 toturn
1279 3822 1472 3885 universum¹

382 3923 425 3966 ex
440 3899 544 3966 nihilo
559 3899 685 3980 eduxit,
705 3920 746 3964 ac
760 3901 868 3967 voluit
878 3909 918 3967 ut
932 3921 982 3966 res
996 3901 1060 3966 illa
1080 3905 1270 3982 existerent,
1290 3925 1366 3988 qum
1380 3905 1472 3988 prins?

381 4007 448 4053 non
464 3988 608 4052 inerant.
651 3987 749 4052 Hunc
759 3989 961 4052 creationem
975 3989 1060 4052 solet
1073 3987 1193 4054 docere
1203 3989 1395 4075 acaptare,
1409 4003 1459 4072 per
1471 4055 1472 4062 ,

381 4093 499 4138 rocem
518 4085 597 4150 trun,
619 4093 691 4157 quse
713 4093 779 4138 vox
794 4073 966 4178 Plsslllffll‘
989 4093 1059 4138 reor
1080 4076 1231 4177 ottonom
1253 4094 1377 4142 novam
1400 4072 1472 4139 eolo*

381 4163 469 4305 u
477 4159 670 4308 ulti,
681 4160 1038 4313 “emilii
1050 4161 1363 4318 tim,

240 4318 243 4326 ’
382 4327 907 4410 remauqoanemuiloeducere.
932 4331 1145 4404 contrarium
1153 4337 1365 4421 putetexeo,
1380 4325 1472 4416 quod,
