3000 5006
256 65 334 147 Cup.
350 63 395 150 8.]
611 79 657 130 uu
680 81 983 140 uuourrrcsrrous.

252 235 279 295 t.
301 233 354 297 Ex
363 233 495 317 justitie
522 235 597 313 Dei,
613 257 684 320 qum
701 241 847 322 postulat
862 251 900 308 ut
915 243 1001 310 idem
1023 249 1109 330 quod
1126 264 1246 336 perusi,

252 315 369 396 uietur,
391 321 477 384 idem
493 322 582 404 quod
605 335 722 400 certet,
744 339 943 408 coronetur3
964 340 1001 394 ut
1027 338 1136 400 enims
1160 342 1246 406 eudei

252 406 340 468 sistet
356 407 389 467 in
408 405 546 488 judicio,
569 411 616 470 itu
632 419 665 472 et
680 411 766 476 idem
783 432 922 496 eorpus;
946 437 1008 480 uec
1024 425 1101 482 sune
1127 435 1237 504 potest

252 492 312 572 cipi
332 490 442 554 Deum
467 492 549 555 velle
576 497 693 574 punire
707 515 848 578 corpore
863 519 935 581 qum
956 503 1036 565 nihii
1054 506 1131 569 muli
1151 531 1246 592 prom

250 585 334 650 suut,
350 585 384 638 et
398 595 439 639 eo.
453 595 592 662 corporo
606 599 678 661 qum
691 591 831 664 peccatu
848 595 1020 667 putrsrunt
1038 609 1104 653 uon
1132 599 1246 675 punire

250 661 280 724 iu
296 661 431 742 putrere
448 662 625 746 relinquere
638 686 647 740 ;
671 677 706 728 ut
721 675 755 729 et
770 688 910 752 corpora
925 691 996 754 qum
1007 677 1123 739 anime
1140 681 1173 741 iu
1185 681 1247 764 jeje

249 747 409 828 precibus,
425 747 543 812 divinis
560 749 720 827 laudibus,
731 753 875 836 uliisque
892 760 1022 838 pietatis
1042 767 1207 830 exercitiis
1223 788 1247 832 m

248 839 428 908 trurerunt,
444 834 513 894 siue
528 839 791 899 remuneratione
807 839 1003 926 relinquere,
1018 845 1084 908 sliu
1100 853 1177 912 verd
1192 872 1247 916 cor

245 916 382 998 justitiis
411 916 536 980 uoroufi
567 917 701 996 donare,
732 941 803 1002 quse
827 925 908 986 nihil
935 931 1165 1010 praestiterunt.
1225 937 1248 1000 u

247 1001 441 1065 Ambrosius
466 1022 561 1066 serm.
578 999 619 1066 de
640 1005 705 1068 fide
720 1018 754 1068 et
771 1020 941 1074 resurrect.
985 1015 1074 1082 Hoc
1094 1023 1197 1086 series
1217 1043 1248 1086 es

244 1105 349 1151 causa
362 1089 523 1171 justitia,
550 1096 587 1150 ut
603 1093 758 1170 quonium
783 1099 931 1174 corporis
957 1103 1066 1164 animi
1087 1123 1126 1166 ue
1148 1125 1248 1172 comm

244 1182 290 1235 est
304 1181 426 1248 actus,
442 1193 516 1256 quae
532 1179 666 1236 unimus
689 1179 865 1260 cogitauit,
887 1201 1006 1265 corpus
1020 1120 1142 1268 effgcu,
1156 1197 1249 1258 utrur

244 1259 278 1319 iu
283 1259 458 1340 judicium
474 1263 599 1334 ueniat,
615 1266 786 1343 utrumque
802 1269 862 1328 aut
881 1285 993 1345 poeuae
1006 1271 1157 1351 dedatur,
1182 1284 1243 1342 aut

241 1345 301 1406 riae
314 1347 511 1408 reservetur.
557 1345 720 1428 Resurget
734 1367 813 1410 curo
828 1358 861 1410 et
877 1355 1006 1431 quidem
1016 1359 1132 1434 omnis,
1148 1363 1179 1423 ei
1191 1382 1250 1444 ‚qur

241 1431 332 1510 ipsa,
363 1435 394 1492 et
433 1432 562 1512 quidem
591 1433 735 1516 integro,
768 1433 909 1498 Tertull.
939 1437 981 1501 de
1007 1452 1180 1508 resurrect.
1208 1467 1249 1510 ou

241 1515 496 1663 affatuum
512 1603 572 1664 etsi
589 1620 628 1664 es
647 1621 788 1685 corpore
801 1605 984 1670 substantii
999 1609 1114 1676 eudem
1125 1614 1240 1680 futuru

240 1683 461 1748 diversissimo
475 1694 573 1748 eruut
588 1687 811 1770 qualitatibus,
826 1693 1046 1758 suscitabitur
1061 1716 1137 1761 oum
1150 1703 1250 1765 ‚inuor

239 1773 333 1833 tione
359 1790 480 1854 eorpus
502 1771 663 1848 fidelium,
690 1787 724 1836 et
747 1793 823 1838 oum
847 1775 963 1859 glorii,
989 1780 1002 1842 i
1034 1779 1111 1847 Cor.
1134 1804 1190 1850 ιν.
1206 1789 1252 1865 42,

239 1855 512 1939 Incorruptibilis
537 1877 665 1942 quoque
692 1869 789 1922 eruut
814 1881 955 1946 corporo
977 1867 1165 1949 impiorum,
1198 1876 1252 1938 sed

239 1939 399 2023 disposite
409 1951 517 2020 eruut,
533 1953 570 2006 ut
583 1943 724 2008 serendis
740 1945 918 2012 inferorum
935 1956 1106 2018 tormentis
1117 1959 1151 2018 iu
1167 1967 1252 2024 uteri

240 2027 408 2090 sufficient
419 2029 540 2113 ubsque
553 2029 627 2091 cibo
640 2041 674 2090 et
689 2050 815 2092 somno.

281 2113 327 2176 X.
352 2111 604 2195 Omnipoteutid
626 2111 685 2174 sud
699 2115 871 2176 suscitabit
887 2115 1036 2180 homiues
1062 2120 1225 2204 Christus,
1251 2151 1253 2190 τ

239 2201 437 2262 resurreetio
453 2203 503 2258 est
513 2209 602 2278 opus
617 2195 749 2257 infinitis
765 2197 907 2273 virtutis,
922 2207 955 2263 et
972 2203 1040 2266 husu
1056 2213 1251 2274 resurrectio

232 2281 433 2346 'brevissimo
450 2287 610 2362 tempore.

281 2367 344 2429 XI.
372 2367 423 2428 Ex
441 2365 503 2427 huo
519 2365 670 2426 doctriua
696 2369 940 2432 resurrectionis
963 2375 1043 2436 rerii
1063 2394 1141 2441 usus
1154 2379 1228 2446 elici

235 2457 330 2524 suut,
346 2457 417 2512 tum
429 2449 471 2512 ud
487 2469 547 2511 nos
558 2450 711 2512 solandos
727 2452 883 2516 aduersus
899 2461 1038 2530 terrores
1059 2467 1184 2542 mortis,
1204 2476 1253 2532 tur

234 2537 406 2620 putiumur
421 2536 550 2597 sortiter
566 2535 652 2598 msiu
668 2537 786 2618 quibus
802 2543 1009 2620 exponimur,
1032 2551 1101 2607 tum
1124 2559 1161 2613 ut
1185 2571 1252 2637 eor}

234 2628 354 2688 nostru
367 2620 409 2684 sd
421 2621 700 2685 immortalitatem
713 2623 902 2685 suscitanda
912 2627 1147 2706 urmujustitiae
1160 2636 1252 2702 facim

661 2903 818 2969 cup-UT
839 2905 907 2971 ΠΙ.

279 3081 328 3138 De
344 3078 576 3138 consummatione
589 3079 691 3148 Seeuii,
707 3081 740 3137 de
753 3079 857 3155 Signis,
872 3094 1010 3156 quereum
1022 3095 1183 3166 precedent,
1211 3109 1238 3157 et

665 3163 778 3219 interitu
791 3162 902 3224 Mundi.

282 3288 310 3349 l.
337 3285 441 3348 Hunc
460 3289 784 3353 <consummationem
809 3295 1030 3374 providerunt
1054 3301 1201 3384 Ethuici,
1237 3327 1253 3369 u

239 3370 403 3447 Ovidius3

401 3485 468 3542 Esse
481 3501 582 3558 quoque
590 3489 625 3545 'iu
634 3487 706 3564 sutis
719 3490 901 3549 reminiscitur
912 3493 1009 3564 adfore
1024 3505 1135 3573 tempus,

404 3565 465 3631 Quo
480 3585 567 3632 mure,
587 3586 639 3642 quo
652 3569 743 3632 teitus,
760 3578 937 3648 correptaque
949 3579 1026 3651 regia
1040 3581 1098 3636 cuii

381 3731 386 3744 .
407 3647 525 3712 Ardeut,
541 3653 569 3704 et
586 3649 682 3706 muudi
695 3649 778 3706 moles
790 3668 901 3726 operm
916 3655 1029 3716 luberet.

279 3807 484 3872 Censorinus
499 3808 584 3872 dixit
598 3813 675 3873 unni
688 3813 797 3896 magui
811 3812 962 3899 hyemem
978 3839 1138 3892 summum
1154 3845 1224 3902 esse
1239 3828 1254 3892 d

234 3894 383 3972 riorieiu,
400 3891 547 3962 estotim
562 3899 640 3962 rerd
654 3897 742 3962 orbis
763 3900 964 3985 incendium,
983 3906 1211 3998 mundumque
1224 3915 1255 3979 ul
