3032 4998
1506 285 1507 332 l

337 381 363 448 2
669 387 872 448 ruaoaosra
893 393 1118 446 cnursrrauu.
1298 373 1426 462 [cml.

231 543 234 548 ⁶
340 558 433 620 tuna.
474 555 567 630 Qadd
575 557 609 619 si
621 557 779 619 mundum
789 553 911 636 efficere
917 555 1025 634 polest
1036 566 1219 613 concursus
1230 549 1430 624 citriorum,

341 661 402 704 cur
414 647 592 721 porticum,
614 661 676 704 cur
690 643 832 715 domam,
854 659 913 702 cur
937 640 1108 718 Templum
1131 655 1196 699 non
1207 637 1329 716 polest,
1352 651 1431 715 qum
1506 659 1507 710 l

341 733 422 790 rant
436 729 549 790 minus
562 746 711 810 operosa,
731 731 765 789 et
779 725 880 790 multo
892 725 1024 806 quidem
1028 723 1211 804 faciliora.
1257 719 1432 782 Hactenus

344 811 639 962 lelll.m›}ecuudum
664 895 907 983 Argumentum
929 896 1052 978 petitur
1068 911 1111 956 ex
1134 911 1175 954 eo
1191 890 1281 974 quod
1307 893 1433 967 omnia,
1506 915 1507 964 l

344 1003 416 1065 quas
431 985 464 1045 in
483 982 614 1046 Mundo
629 989 718 1060 sunt,
739 982 781 1047 ad
798 982 877 1045 fines
894 982 1021 1063 aliquos
1037 979 1197 1052 ferantur,
1219 996 1301 1058 quos
1317 997 1433 1041 conse·
1506 977 1507 1034 l

343 1076 511 1152 eluuntur:
533 1072 682 1152 quamvis
704 1069 751 1132 illi
778 1087 844 1130 non
869 1085 998 1149 semper
1020 1065 1116 1127 nobis
1142 1067 1211 1125 noti
1228 1067 1303 1126 sint.
1348 1063 1433 1130 Quis
1506 1105 1507 1130 ι

344 1157 432 1216 enirn
448 1159 495 1216 ita
510 1159 621 1218 omnia
636 1154 678 1219 ad
692 1161 799 1220 certos
816 1153 936 1218 direxit
960 1151 1052 1228 lines,
1073 1153 1140 1214 imd
1154 1151 1294 1231 dirigere
1310 1151 1433 1232 potuit,
1506 1131 1507 1202 i

343 1241 405 1302 nisi
424 1239 492 1302 Eas
508 1241 671 1303 inlinitum
683 1248 717 1304 et
734 1235 1032 1322 perfectissimum?
1075 1253 1081 1262 ·

389 1325 466 1388 Dici
482 1329 607 1408 nequit,
630 1345 681 1388 res
696 1327 841 1407 singulas
862 1325 937 1387 illos
958 1325 1017 1386 sibi
1035 1339 1218 1406 proponere
1233 1319 1333 1395 lines:
1355 1337 1434 1384 nan:
1506 1353 1507 1360 ι

340 1409 516 1496 plerasque
540 1414 674 1473 rationis
699 1421 851 1492 expertes
866 1430 935 1472 esse
958 1417 1072 1471 notum
1096 1415 1156 1483 est,
1178 1416 1211 1468 et
1227 1409 1252 1466 si
1269 1407 1434 1488 quaedam
1506 1485 1507 1488 Ἴ

345 1496 471 1558 consilii
485 1515 623 1578 capaces
640 1500 716 1571 sint,
733 1497 837 1558 multa
854 1503 963 1558 tumen
976 1495 1100 1576 absque
1111 1493 1249 1568 consilio
1261 1498 1437 1573 praestant:

345 1599 407 1643 nec
418 1584 506 1643 enim
522 1581 612 1663 apnd
622 1601 658 1645 se
668 1583 785 1644 statuit
801 1581 912 1656 homo,
934 1579 1100 1662 quomodo
1113 1578 1222 1640 cibum
1236 1585 1436 1660 concoquat,

345 1673 381 1728 et
396 1667 460 1728 cibi
482 1675 590 1749 partes
605 1669 637 1730 in
663 1669 754 1729 saria
765 1669 912 1749 corporis
928 1665 1076 1728 membra
1095 1663 1279 1726 distribuet.
1325 1663 1439 1726 Datur

346 1753 449 1833 igitur
464 1771 564 1815 causa
579 1751 741 1835 quasdam,
763 1773 835 1834 quae
852 1753 920 1814 bmc
936 1751 1048 1813 omnia
1064 1749 1186 1830 dirigit.
1232 1747 1360 1812 Dicere
1376 1767 1435 1812 na·
1506 1817 1507 1826 ,

347 1843 456 1900 turam
475 1857 584 1902 rerum
606 1841 754 1901 omnium
767 1835 798 1898 id
816 1836 955 1912 efficere,
975 1835 1167 1910 absurdum,
1189 1835 1250 1896 nisi
1265 1853 1325 1918 per
1339 1842 1438 1898 natu·

347 1941 417 1986 ram
441 1924 606 2005 intelligas
621 1923 874 1985 substantiamd
899 1921 997 1984 rebus
1013 1921 1219 1986 naturalibus
1234 1919 1437 1998 distinctam,
1506 1955 1507 1960 ι

348 2008 737 2156 ‹ppzpipspapientissima
751 2015 786 2070 et
810 2007 1048 2090 potentissima.
1090 2005 1138 2068 At
1164 2007 1238 2069 talis
1253 2009 1440 2070 substantia
1506 2093 1507 2102 ἵ

393 2178 454 2240 VI.
495 2177 644 2244 Tertium
670 2177 914 2264 Argumentum
943 2175 1079 2242 ducitur
1105 2194 1149 2240 ex
1173 2175 1441 2243 consideratione

348 2266 511 2339 materias,
534 2285 576 2330 ex
592 2283 659 2347 qua
680 2265 830 2328 Mundus
845 2263 1011 2339 conditus,
1033 2269 1068 2326 et
1081 2259 1200 2337 mattis,
1222 2265 1279 2345 qui
1295 2268 1442 2328 materia
1506 2291 1507 2348 ι

349 2349 473 2414 inditus
485 2356 548 2416 est.
591 2351 680 2417 Nam
694 2353 837 2416 materia
848 2350 901 2414 rel
916 2355 967 2413 est
980 2353 1118 2424 cemma,
1141 2353 1176 2411 et
1187 2367 1245 2431 per
1256 2367 1291 2412 se
1316 2353 1441 2426 existit,

349 2434 404 2499 vel
418 2436 460 2498 ab
476 2437 542 2500 alio
557 2456 686 2500 summo
705 2437 793 2501 Ente
806 2457 851 2501 ar
863 2435 969 2501 ritib
979 2437 1099 2501 adusto
1110 2440 1182 2512 est;
1204 2441 1361 2500 curnam
1372 2455 1441 2501 non

349 2539 420 2584 esse
435 2529 527 2605 patet
543 2523 723 2598 evidenter,
752 2543 795 2587 ex
816 2543 857 2587 eo
877 2521 964 2604 quod
988 2520 1258 2586 absurdissimum
1274 2529 1361 2590 esset
1383 2526 1442 2586 tri·

349 2607 452 2672 buere
477 2609 556 2672 Enti
583 2610 878 2692 imperfectissima,
901 2608 1007 2690 qualis
1030 2613 1081 2672 est
1106 2609 1256 2685 materia,
1277 2627 1442 2674 summam
1506 2625 1507 2632 ¹

350 2695 498 2756 omnium
513 2695 762 2778 perfectionem,
783 2697 931 2759 extitisse
945 2696 1072 2758 scilicet
1086 2713 1225 2778 semper,
1247 2695 1312 2757 etsi
1324 2698 1444 2778 seipso
1506 2699 1507 2726 ³

351 2781 515 2842 extitisse:
537 2782 564 2842 si
579 2781 622 2844 ab
641 2781 707 2844 alio
719 2799 849 2843 summo
866 2779 954 2844 Ents
968 2799 1012 2843 ca
1026 2779 1134 2843 amit>
1148 2780 1266 2843 eductu
1282 2781 1335 2854 sit,
1357 2780 1444 2845 illud

353 2862 424 2926 Eas
439 2883 506 2927 uon
522 2871 632 2947 potest
647 2885 714 2929 non
730 2885 800 2929 esse
817 2867 931 2943 Deus;
954 2865 1115 2948 siquidem
1142 2863 1290 2949 potentii
1313 2864 1447 2929 inunita

353 2969 438 3032 opus
449 2956 500 3014 est
511 2949 554 3014 ad
566 2951 784 3016 substantiam
799 2952 943 3036 aliquam
959 2971 1002 3014 ex
1013 2952 1118 3016 nihilo
1133 2951 1360 3016 educendam:
1384 2972 1446 3036 po·

353 3036 460 3099 tentia
473 3043 585 3102 autem
599 3037 657 3102 illa
671 3037 799 3102 infinita
810 3039 872 3102 soli
888 3039 935 3102 illi
946 3038 1037 3114 Enii,
1053 3039 1142 3122 quod
1153 3037 1261 3101 Deum
1270 3057 1447 3124 nuncupa·

223 3153 231 3166 ·
352 3141 435 3198 mus,
456 3126 628 3207 competit.
673 3123 803 3188 Rursus
814 3125 867 3188 rel
881 3130 989 3188 oratus
1012 3132 1063 3188 est
1078 3123 1119 3186 de
1134 3121 1276 3188 assentit
1289 3127 1446 3203 materias,

354 3208 409 3272 rel
424 3208 542 3290 aliquis
554 3213 584 3274 ei
596 3210 695 3272 talem
708 3218 836 3274 motum
848 3212 1030 3294 impressit:
1053 3213 1181 3271 motum
1197 3229 1268 3272 esse
1283 3211 1326 3274 de
1336 3231 1448 3275 essen·
1506 3221 1507 3238 ¹

353 3289 401 3355 tit
416 3297 570 3370 materie,
593 3315 690 3358 nemo
713 3314 824 3370 sanus,
848 3300 885 3357 ut
910 3297 1040 3376 opinor,
1071 3293 1180 3370 dicet;
1202 3297 1319 3360 saltem
1345 3317 1447 3360 nemo

353 3377 503 3442 tuebitur
518 3380 618 3444 talem
635 3385 761 3442 motum
776 3379 978 3454 ordinatum,
1000 3381 1053 3442 cui
1066 3396 1159 3442 suam
1169 3379 1269 3445 debet
1284 3384 1452 3466 originem¹

356 3463 512 3539 mundus,
533 3467 757 3528 essemateriae
777 3467 995 3529 essentialem.
1020 3465 1165 3532 Necese
1176 3474 1226 3532 est
1238 3470 1338 3550 igitur
1350 3471 1448 3532 lateri
1506 3507 1507 3514 ι

352 3551 489 3632 aliquod
506 3550 575 3612 Eas
593 3553 736 3620 materis:
752 3559 877 3614 motum
889 3553 1102 3634 impressisse,
1123 3554 1177 3616 sel
1188 3553 1304 3624 saltem
1316 3563 1446 3618 motum
1506 3591 1507 3604 ι

354 3633 590 3700 determinasse
605 3636 648 3699 ad
664 3637 874 3700 formandum
892 3637 1065 3714 mundum,
1088 3641 1197 3722 potius
1213 3643 1311 3722 quim
1338 3641 1381 3704 ad
1396 3644 1452 3706 ine

355 3720 516 3803 digestam
530 3722 675 3805 aliquam
691 3721 899 3787 condendam
916 3723 1053 3804 molem;
1075 3724 1157 3786 illud
1169 3732 1281 3789 autem
1297 3726 1365 3790 uns
1377 3747 1447 3790 non

354 3805 447 3870 aliud
463 3825 533 3872 esse
548 3810 646 3890 qudm
664 3807 733 3871 Eus
749 3809 1035 3893 perfectissimum,
1057 3809 1145 3893 quod
1158 3810 1265 3874 Deum
1278 3831 1449 3891 vocamus,

356 3893 506 3974 quilibet,
536 3896 598 3962 nisi
624 3901 746 3980 sponte
768 3899 921 3962 cecutire
944 3896 1036 3971 salit,
1065 3915 1201 3960 cernere
1216 3900 1449 3983 etinteiligere

357 3984 482 4060 potest.

403 4063 482 4126 Vll.
507 4063 673 4138 Quartum
689 4065 932 4152 Argumentum
953 4069 1095 4146 elicitur,
1118 4089 1184 4134 non
1201 4070 1301 4134 modo
1316 4090 1359 4135 ex
1386 4071 1448 4134 liu·

358 4147 446 4210 mani
462 4156 609 4233 corporis
621 4154 847 4230 lubricatione,
870 4175 967 4238 quarn
984 4155 1095 4219 nullus
1110 4177 1189 4232 non,
1211 4168 1245 4220 et
1260 4177 1359 4220 nemo
1370 4161 1452 4222 sutis

357 4237 495 4313 miratus
514 4243 575 4314 est,
596 4240 703 4304 sedet
728 4261 771 4304 ex
795 4243 907 4308 anima
928 4248 1063 4314 nostru:
1083 4243 1230 4310 namuel
1251 4247 1301 4308 est
1315 4249 1451 4323 eterna,
