3032 4998
369 419 392 486 4
697 429 900 489 rusorocre
921 429 1147 482 ccnrrrrerrc.
1336 415 1424 506 [uu.
1436 419 1467 484 1.

370 593 503 668 comite,
526 591 622 674 cujus
647 608 756 672 neque
772 605 885 654 senece
910 587 1063 663 obtundi,
1085 586 1279 652 neclorum
1292 587 1467 669 declinari,

99 746 142 758 ‚J
245 737 258 763 Ι
304 699 477 766 fineque
501 678 676 742 eccumtio·
693 674 793 750 eludi,
820 693 928 758 neque
949 677 1173 738 testimonrum
1197 679 1375 759 corrumpi,
1406 697 1466 740 ne-

144 817 149 825 .
213 771 249 844 “,’
274 762 293 838 ',
371 787 436 850 que
470 764 697 827 vadimonium
728 760 833 823 deseri
865 765 984 843 potest,
1031 761 1194 844 cujusque
1235 779 1346 824 morsu
1378 761 1468 826 nihil

51 842 55 850 ¹
341 863 351 881 ’
373 850 571 925 mordacius,
595 847 760 911 tormento
777 845 859 908 nibil
873 845 1035 910 acerbius.
1088 845 1154 914 Qui
1170 845 1208 909 bt
1221 849 1309 910 enirn
1327 853 1364 910 ut
1379 869 1466 912 eon·

100 990 102 998 .
228 955 231 971 ·
355 938 511 1002 ·scientiu
526 935 702 998 commisso
715 931 839 996 scelere
853 933 1030 1008 crucietur,
1051 933 1151 994 etium
1178 935 1313 996 remotis
1333 932 1467 998 arbitris

219 1009 222 1017 ’
371 1023 532 1104 nulloque
554 1021 597 1082 ub
615 1017 801 1081 bominibus
824 1019 1016 1080 imminente
1030 1015 1204 1100 periculo?
1260 1017 1357 1082 Unde
1371 1019 1409 1082 fit
1425 1025 1466 1084 ut
1502 1052 1510 1080 ·.

368 1111 478 1172 tacita
503 1108 622 1168 sudent
647 1105 829 1186 peccatoris
848 1103 1171 1184 precordia-ccmo,
1192 1107 1226 1164 et
1250 1109 1340 1168 totus
1360 1107 1470 1170 corde

369 1213 410 1258 uo
426 1192 565 1276 genibus
581 1195 712 1280 tremet,
734 1187 776 1250 cd
794 1189 862 1252 lolii
877 1190 1063 1270 strepitum,
1084 1195 1144 1250 cut
1159 1191 1184 1250 si
1201 1189 1331 1254 virides
1342 1192 1465 1254 votum

371 1281 539 1343 dimovere
561 1279 721 1346 tumim
746 1273 800 1336 Ne
815 1277 854 1336 iis
869 1275 1028 1357 exceptis,
1050 1275 1106 1356 qui
1131 1276 1293 1338 neminem
1310 1279 1344 1338 in
1367 1279 1466 1339 terris

372 1366 586 1446 superiorem·
613 1359 850 1440 agnoscebant,
886 1361 1071 1443 quibusque
1100 1379 1186 1442 sepe
1216 1361 1331 1443 populi
1361 1362 1467 1426 thure

372 1450 507 1514 adolere
523 1465 590 1509 non
606 1444 855 1516 erubescebant,
872 1447 965 1527 quusi
985 1450 1093 1508 essent
1108 1444 1165 1520 dii,
1182 1455 1219 1508 ut
1240 1447 1295 1509 ille
1309 1443 1468 1530 Caligula

347 1603 350 1612 ,
374 1535 431 1618 qui
441 1533 670 1597 licetnemoin
681 1528 891 1594 audaciorem
905 1533 1048 1593 numinis
1058 1537 1263 1594 contemtum
1276 1537 1468 1616 prorupisse

374 1623 519 1703 legetur,
535 1619 652 1680 misere
663 1623 786 1690 temen,
801 1615 999 1698 trepidabat,
1009 1635 1111 1698 quum
1122 1616 1466 1684 audiebat-tonentem

376 1707 505 1770 lovem.
553 1701 649 1767 Unde
671 1700 740 1764 beo
766 1704 888 1778 omnic,
911 1720 1032 1784 queso,
1054 1704 1114 1768 nisi
1142 1721 1185 1765 ex
1200 1721 1297 1766 sensu
1319 1703 1465 1786 alicujus

375 1789 517 1863 ludiois,
541 1807 640 1918 puem
664 1787 726 1850 etsi
751 1807 818 1850 non
844 1787 945 1864 videt,
977 1787 1099 1872 ubique
1125 1792 1244 1852 tumen·
1261 1792 1467 1872 pertimescit

398 1885 551 1941 ecoctor.

373 1899 396 1962 p
417 1961 461 2025 X.
484 1960 561 2024 Alie
575 1978 642 2023 ncn
658 1955 820 2034 addimus,
843 1979 915 2042 que
929 1957 1007 2022 eddi
1023 1963 1133 2022 tumen
1149 1963 1304 2042 possent;
1326 1963 1466 2024 unicum

374 2047 585 2130 subjungam,
606 2046 804 2108 sententium
829 2045 1003 2108 utbeorum
1019 2044 1172 2108 omnibus
1195 2045 1305 2110 lovere
1321 2049 1471 2110 crimini-

374 2134 447 2206 bus,
469 2132 665 2194 rententium
682 2133 927 2206 veronostram,
950 2131 1098 2193 homines
1112 2129 1156 2193 cd
1175 2133 1337 2195 virtutum
1354 2131 1471 2196 Cirris·

373 2221 541 2284 dunarum
553 2222 588 2280 et
603 2215 776 2280 moralium
793 2218 923 2301 proxim
938 2215 1118 2300 impellere.
1311 2233 1314 2240 ·
1480 2240 1484 2250 ¹

793 2399 1065 2448 επεὶ-ιε
1086 2475 1088 2480 Ι

804 2543 959 2612 CAPUT
982 2547 1029 2613 lt
1141 2549 1144 2555 ’

694 2735 744 2796 ee
758 2736 1137 2813 commemorari.

416 2893 444 2958 1.
468 2893 522 2958 Ex
533 2891 630 2956 dictis
642 2891 735 2974 potet
745 2908 805 2952 nos
817 2888 1013 2954 naturaliter
1022 2890 1135 2957 Deum
1145 2914 1346 2980 cognoscere
1354 2921 1465 2986 posse,

373 2999 415 3046 ec
441 2979 540 3060 bujus
566 2976 766 3060 cognitionis
792 2975 903 3038 Deum
928 2977 1036 3058 ipsum
1061 2977 1243 3046 Auctorem
1270 3004 1352 3063 esse,
1388 2997 1468 3054 tum

373 3064 557 3149 perideum
584 3065 647 3140 sui,
669 3079 769 3144 quern
786 3062 819 3123 in
836 3063 985 3128 omnium
1001 3067 1167 3131 mentibus
1182 3069 1366 3156 insculpsit,
1388 3081 1464 3138 turn

372 3171 433 3234 per
458 3151 616 3235 prreolcrc
644 3147 711 3224 illu,
734 3165 806 3229 qure
828 3145 918 3224 tecit,
941 3168 1052 3232 opere,
1074 3170 1117 3214 ex
1143 3172 1285 3235 quorum
1312 3167 1466 3224 contem.

373 3238 532 3321 pluticne,
555 3236 739 3298 necessario
753 3233 922 3314 colligitur
938 3233 1049 3298 Deum
1065 3237 1216 3304 existere.

416 3321 470 3384 11..
487 3319 584 3384 Unde
610 3317 734 3401 duplex
758 3317 972 3396 distinguitur
1000 3319 1158 3404 cognitu>
1184 3325 1253 3390 De·
1276 3331 1466 3409 naturalis,

372 3406 439 3470 elic
449 3407 556 3470 insita
567 3405 739 3476 etiosam,
750 3402 817 3464 ulie
827 3403 1008 3483 acquisito.
1054 3406 1215 3474 Innatam
1229 3432 1314 3478 roco
1331 3420 1466 3481 notion-

373 3512 426 3556 em
441 3491 532 3556 illem
559 3489 752 3562 divinitatis,
774 3506 847 3568 que
863 3485 946 3550 oded
962 3487 1151 3558 bominibus
1177 3499 1274 3575 inest,
1298 3507 1335 3564 ut
1361 3501 1466 3567 bomo

371 3584 548 3661 postquem
564 3573 607 3638 cd
624 3574 759 3636 tutionis
776 3591 870 3634 usum
888 3579 1048 3655 pervenit,
1069 3598 1136 3643 non
1154 3585 1256 3664 possit
1270 3604 1337 3650 non
1354 3593 1466 3672 sepis·
1504 3583 1509 3648 l

371 3665 453 3726 sime
468 3659 510 3723 de
521 3661 595 3724 Deo
611 3659 770 3741 cogiture,
791 3677 899 3740 neque
914 3678 969 3724 ecs
984 3665 1213 3745 cogitationes,
1236 3674 1296 3734 etsi
1313 3673 1467 3756 eliquen-

371 3747 416 3813 do
431 3752 582 3820 conetur,
614 3743 772 3826 repellere
797 3763 931 3826 prorsus
960 3757 1070 3830 queat.
1126 3753 1308 3836 Acquirr'io
1334 3777 1375 3822 ee
1399 3767 1473 3839 est,

371 3855 443 3918 que
459 3852 501 3898 ex
517 3831 666 3913 diligenti
684 3849 792 3892 rerum
804 3837 989 3896 erecturum
1002 3838 1283 3920 contemplatione
1297 3843 1464 3912 hauritur.

414 3919 476 3984 lll.
501 3917 682 3998 Utriusque
693 3918 893 3997 cognitionis
908 3921 1260 4007 meminitScripturc..
1297 3929 1465 3996 Innatum

369 4004 468 4068 docet
493 4002 621 4067 Paulus
646 4001 740 4064 Rom.
768 4005 801 4064 ii.
833 4004 889 4066 lc..
909 4023 1011 4084 quum
1038 4007 1097 4084 cit,
1130 4009 1263 4077 Gentes
1284 4017 1464 4082 ostendere

371 4089 464 4170 Opus
481 4089 547 4152 Det
563 4088 766 4168 inscriptum
787 4087 942 4152 cordibus
956 4092 1043 4166 scic,
1065 4095 1134 4158 und
1149 4101 1290 4164 celone
1304 4103 1462 4182 ipsorum

368 4175 584 4247 comoieoric,
598 4179 630 4238 et
639 4175 903 4256 cogitationibus
914 4195 984 4239 cece
999 4186 1115 4244 mutuo
1131 4187 1381 4264 amontibur,
1398 4195 1464 4252 cut

367 4262 470 4328 etiam
493 4258 763 4341 defendentibus:
801 4259 874 4324 Hoc
901 4263 988 4342 epiro
1014 4283 1100 4348 opus
1123 4265 1232 4355 ἅμα
1253 4273 1468 4356 immptuon
