2986 5160
209 292 346 380 dirps]
517 337 522 352 .
574 301 621 358 ns
642 306 896 360 adunamus.
1226 295 1289 363 ssa

209 473 238 528 el
258 463 449 548 obsignatur
470 464 630 541 fidellbus,
651 473 720 528 lunt
739 453 891 529 remissio*
906 469 1115 550 peccalorum
1132 487 1189 554 per
1213 487 1286 531 san·

209 555 333 632 guinem
357 554 490 623 Christi,
508 562 577 614 tuin
600 552 816 614 sanctificatio
828 571 885 635 per
899 554 971 634 ejus
985 553 1155 634 Spiritum.
1199 569 1286 618 Auc-

211 645 256 698 ror
282 640 431 720 baptismi
447 639 535 700 illius
556 649 607 699 est
623 639 784 710 Christus,
810 637 902 701 Deus
925 649 959 700 et
981 639 1284 722 bomosinstitutip

211 722 334 800 legitur,
352 723 471 786 Marii.
485 728 596 784 xxviii.
619 727 664 785 l9.
688 723 814 786 Eunias
825 729 934 788 doceto
947 731 1190 808 omneag'crites,
1205 725 1296 808 bap-¹

211 811 345 872 lirantes
355 814 456 872 annin
468 813 598 872 nomino
612 812 739 882 Patris,
756 809 840 874 iiiii·
850 811 1040 892 ildiris-atus
1057 811 1183 884 sancii,
1202 813 1289 872 unde

212 891 356 974 Apostoli
383 897 547 975 leguntur,
573 913 630 958 eos
655 915 780 968 omnes,
806 915 889 977 quos
922 895 964 960 ad
991 895 1085 958 lidem
1115 901 1147 960 in
1174 897 1288 959 lesum

213 977 373 1043 Christum
387 993 630 1056 converterant,
645 979 732 1064 aqui
749 983 939 1063 baptizasse,
955 983 1031 1044 Act.
1050 983 1080 1042 ii.
1093 982 1131 1045 41
1159 987 1225 1045 viii.
1240 986 1289 1060 lt,

215 1064 318 1140 itta
343 1087 377 1130 x.
392 1069 445 1129 47.
467 1069 545 1130 xxii,
567 1069 613 1129 16.
631 1086 698 1129 xvi.
720 1067 766 1129 lb.
789 1071 878 1129 xiiii.
895 1071 925 1132 8.
971 1070 1115 1152 dignum
1137 1069 1290 1150 baptismi

213 1161 255 1210 cst
270 1171 359 1233 apuu
382 1161 509 1214 verast
534 1153 704 1229 naturalis,
727 1171 793 1214 non
816 1154 936 1226 oleum,
962 1173 1028 1216 non
1055 1163 1199 1236 sputum,
1224 1173 1291 1219 non

213 1238 281 1296 niel.
337 1239 478 1301 latorum
501 1242 587 1300 enim
614 1257 676 1302 nec
702 1239 777 1300 solii
801 1259 867 1302 neo
887 1243 1059 1320 vestigium
1087 1245 1232 1302 occurrit
1258 1243 1290 1303 in

213 1319 389 1404 Scriptura,
430 1341 482 1384 ea=
510 1327 647 1406 respuit·
681 1323 869 1388 Christiana
905 1326 1105 1406 simplicitas.
1161 1331 1292 1408 Aquam

214 1404 359 1472 Christus
375 1410 501 1490 selegit,
523 1421 592 1474 tuin
608 1411 652 1472 ob
669 1411 871 1484 facilitatem,
887 1421 958 1473 tuin
975 1414 1018 1472 ob
1029 1415 1292 1474 conuenientium

213 1509 282 1556 cuin
312 1515 345 1558 re
364 1494 554 1575 significati.
602 1493 651 1557 El
667 1500 793 1558 tantilm
824 1502 871 1558 usi
894 1507 970 1560 sunt
990 1497 1153 1579 Apostoli,
1176 1501 1293 1561 Actor.

215 1580 275 1640 rili.
300 1583 353 1644 ³8.
377 1583 492 1644 Actor.
519 1601 552 1643 ii.
579 1583 631 1644 ii.
648 1582 802 1644 -llidiouli
829 1583 1025 1658 Seleuciani,
1050 1593 1084 1645 et
1112 1583 1294 1657 Hermoni,

214 1668 265 1741 qui
283 1666 480 1749 baptismum
503 1670 534 1728 iu
557 1685 645 1748 aqua
661 1687 726 1730 non
743 1671 964 1749 excipiebant,
980 1677 1016 1730 ut
1038 1670 1191 1730 observat
1206 1670 1294 1750 Aug.

215 1745 321 1814 bores.
345 1767 418 1814 uix.
434 1753 610 1814 abutentes
630 1753 705 1815 loco
722 1753 833 1814 Metili
861 1755 905 1815 iii.
927 1756 973 1816 ll.
996 1763 1033 1814 ut
1045 1763 1077 1814 et
1102 1753 1296 1829 Pauliciani,

215 1835 264 1913 qui
290 1843 362 1900 sola
390 1841 656 1920 pronuntiatione
685 1839 859 1900 verborum
881 1847 1121 1902 sacramentum
1152 1839 1297 1920 perficie-

216 1917 300 1984 bant.
342 1924 410 1987 Res
423 1923 624 2008 significato
638 1926 670 1984 in
684 1924 847 2006 baptismo
862 1931 922 1998 est,
940 1925 989 1986 sel
1001 1929 1149 2006 sanguis
1161 1925 1299 1999 Oliristr',

214 2007 263 2066 iel
278 2010 429 2089 Spiritus
446 2009 580 2076 Christi,
593 2009 644 2071 vel
662 2012 770 2092 potitis
786 2019 966 2092 utramque,
977 2011 1170 2092 justificatio
1186 2023 1300 2072 nostra

214 2107 269 2170 per
293 2095 511 2178 sanguinein:
530 2095 748 2158 sanctificatio
775 2115 832 2178 per
858 2097 1033 2178 spiritum,
1060 2095 1126 2157 bini
1158 2096 1300 2160 dicimur

214 2174 383 2254 baptizari
398 2187 435 2242 s'si
448 2183 673 2246 remissionem
681 2185 903 2264 peecatorum,
918 2193 953 2244 et
967 2179 1145 2264 baptismus
1162 2193 1302 2244 vocatur

214 2260 386 2328 husonum
401 2275 674 2342 soumicrotioms,
697 2267 764 2326 Tit.
781 2269 825 2326 iii.
842 2269 915 2336 Μ.
955 2269 1127 2347 Analogia
1140 2269 1225 2327 inter
1239 2273 1302 2348 sig·

214 2363 292 2408 num
314 2355 431 2410 et'rem
445 2349 663 2428 significatam
680 2349 771 2410 clara
795 2357 855 2428 est,
871 2365 946 2408 nain
970 2350 993 2408 l.
1011 2359 1049 2408 ut
1063 2348 1149 2430 aqud
1164 2351 1304 2413 abluun-

213 2435 269 2492 tur
285 2434 398 2496 sordes
409 2438 571 2514 corporis,
593 2435 604 2493 l
625 2432 711 2494 Pels.
735 2433 779 2494 iii.
803 2427 854 2493 21.
876 2434 925 2493 ita
946 2434 1077 2514 sanguia
1104 2444 1140 2496 et
1166 2435 1306 2516 Spiritus

216 2515 340 2579 Christi
362 2519 504 2580 abluunt
516 2517 628 2580 sordes
643 2520 770 2592 anime,
792 2517 801 2577 Ι
823 2516 974 2579 Corinth.
1001 2521 1041 2586 ri.
1069 2519 1116 2582 ll.
1145 2521 1170 2582 i.
1187 2519 1263 2582 loli.
1281 2523 1302 2584 i.

216 2602 246 2662 'l.
290 2603 322 2664 2.
352 2607 523 2668 Immeraw
549 2605 729 2684 inaquam
757 2609 791 2665 et
816 2606 954 2665 emersio
980 2607 1101 2667 usitata
1128 2607 1302 2684 veteribus,

214 2694 332 2752 numni
343 2693 461 2752 vetaris
474 2691 613 2751 bominis
625 2697 817 2762 mortens,et
826 2692 902 2750 nori
915 2696 1194 2764 resurrectionem,
1204 2691 1301 2756 Rom.

217 2777 258 2836 ri.
274 2778 306 2853 3,
318 2779 348 2838 4.
373 2775 446 2838 Col.
461 2779 493 2837 ii.
513 2775 561 2837 12.
585 2802 588 2810 ·
609 2775 651 2837 la
663 2793 752 2858 aquo
767 2781 925 2856 tanquam
947 2779 983 2837 iri
1002 2778 1173 2857 sepulchro
1188 2783 1302 2860 quopi·

222 2877 284 2934 aas,
294 2867 399 2944 copul
410 2859 678 2944 immergebatur
688 2861 792 2946 nobis,
808 2862 1001 2924 verusioma
1011 2864 1183 2944 repetitum
1200 2867 1303 2926 aeds·

218 2949 442 3012 marmtotus
451 2948 594 3029 iuferius
603 2948 802 3017 occatatwr
819 2947 936 3008 deinde
949 2949 1043 3010 nobis
1052 2949 1303 3028 mergentibus,

219 3039 323 3098 moris
337 3035 454 3100 deiude
476 3035 656 3115 remigi&
682 3031 854 3116 Chrysost.
897 3033 928 3094 3.
953 3034 1112 3114 Aspersi'o
1130 3051 1223 3114 aquas
1245 3053 1302 3096 no-

220 3120 266 3180 tat
276 3140 338 3183 nos
349 3121 478 3202 aspergi
487 3121 645 3201 sangiune
658 3115 781 3180 Curiati
791 3118 834 3179 ad
846 3119 1066 3180 remissionem
1081 3130 1304 3201 peccatorum.

262 3204 398 3282 Quuitd,
419 3206 599 3288 wamiis
621 3203 773 3286 baptismi
791 3213 868 3266 snut
889 3208 1079 3286 omnesqui
1100 3209 1177 3267 suut
1192 3207 1224 3267 iu
1248 3207 1303 3268 los·

221 3283 307 3368 dare,
323 3297 392 3356 sive
407 3298 483 3356 veie
497 3293 563 3353 sint
578 3290 670 3363 tales,
680 3293 758 3352 'sive
775 3289 1080 3371 tales'probabiliter
1095 3300 1303 3367 censeantur,

222 3383 278 3438 aut
292 3381 336 3442 ob
351 3373 522 3442 externam
537 3377 772 3459 protensionem
788 3381 822 3438 et
837 3392 914 3438 cum
934 3376 1084 3438 fidelibus
1100 3380 1303 3439 communio-

223 3477 306 3540 nem,
322 3472 381 3528 aut
402 3464 446 3525 cb
461 3465 668 3526 nativitatem
684 3463 731 3524 ex*
748 3463 938 3544 parentibus
962 3462 1167 3538 Christianis,
1182 3465 1306 3544 absque

223 3545 289 3610 ullo
304 3550 494 3614 discrimine
511 3567 621 3622 sexus,
642 3549 758 3623 uitatis,
772 3550 890 3628 gentis,
909 3551 1057 3630 quamvis
1077 3549 1247 3610 latendum
1262 3551 1305 3610 ad

224 3633 318 3697 solos.
337 3627 462 3699 electos
491 3636 654 3718 pertinere
691 3633 902 3715 baptismum.
956 3633 1052 3696 Unde
1081 3633 1303 3716 colligendum

227 3716 252 3779 l.
275 3719 355 3785 Non
371 3741 422 3786 ras
447 3721 618 3793 inanimes,
633 3719 764 3794 bestias,
786 3735 886 3780 nares
906 3719 1050 3794 bellicas,
1078 3722 1205 3782 urbium
1230 3739 1304 3801 pro·

224 3809 422 3887 pugnacula,
443 3806 573 3881 vexilla,
596 3821 784 3887 campanas,
801 3823 871 3867 esse
893 3803 1101 3888 baptizanda,
1124 3805 1214 3888 quod
1238 3827 1304 3870 non

223 3887 394 3958 ferendum
409 3899 459 3956 est
476 3894 521 3954 rei
535 3891 746 3952 sanctissimas
761 3889 948 3952 ludibrium.
992 3893 1022 3953 2.
1048 3891 1078 3954 N
1082 3911 1125 3954 on
1141 3893 1304 3973 baptizari·

225 3971 282 4039 dos
296 3979 440 4043 infantes
456 3977 687 4051 Etbniaoruiu,
701 3979 761 4040 duc.
783 3978 844 4038 nisi
859 3975 1074 4052 adoleverint,
1089 3983 1148 4039 aut
1164 3979 1304 4044 instituti

225 4051 357 4141 luerint,
371 4063 446 4130 idad
469 4063 649 4146 Gregorius
666 4077 688 4124 1.
708 4063 848 4126 multum
863 4064 1061 4146 improbavit
1079 4063 1303 4148 Cliilperionm

219 4142 354 4216 ledeos
381 4152 540 4236 baptisari
570 4149 725 4236 coegisse.
779 4146 934 4230 rpentes
963 4155 1074 4236 itaque
1103 4157 1241 4237 possunt
1270 4160 1306 4215 et
