2994 4996
33 501 111 584 vop.
128 493 185 585 tas]
288 549 290 556 .
341 511 388 563 nn
405 513 480 562 nno
503 513 574 564 orso
601 513 645 564 sn
668 513 786 565 sarno.
1054 485 1124 568 til¹

27 669 169 733 Christos
185 667 307 733 dicitur
323 669 438 747 Filius,
460 676 519 732 ant
540 679 676 759 propter
696 674 767 752 ejus
789 670 1037 754 conceptionem
1053 691 1097 736 ex

30 757 140 838 Spiritu
156 757 292 832 Sancto,
314 761 373 817 aut
398 763 539 840 propter¹
555 759 626 842 ejus
650 759 887 820 ordinationem
910 758 949 820 ad
978 777 1097 820 munus

29 841 258 918 mediatorium,
279 847 338 902 aut
354 843 424 924 ejus
438 844 680 906 suscitationem
697 847 716 906 d
733 839 881 915 mortuis,
902 849 959 904 aut
971 844 1096 906 exalta-

31 929 139 990 tionem
154 927 199 989 ad
214 927 367 990 dextrorn'
382 927 497 990 Patris.
543 927 601 990 He
618 947 683 990 non
700 937 775 990 sunt
792 929 944 1002 rationes,
964 935 1097 1008 propter

30 1031 94 1093 quas
109 1012 218 1076 dictus
229 1019 278 1074 est
295 1009 396 1074 Filius
407 1013 488 1089 Dei,
510 1013 570 1076 etsi
587 1014 707 1076 exiliis
725 1014 892 1074 Christum
906 1013 1004 1074 luisse
1021 1011 1097 1074 Fili·

31 1115 73 1158 um
95 1097 158 1160 Dei
184 1097 338 1177 colligere
360 1099 530 1180 possimus,
551 1099 639 1160 unde
658 1097 741 1161 'dicit
763 1097 888 1160 Paulus
912 1097 1009 1160 Rom.
1025 1099 1044 1158 i.
1062 1101 1094 1160 4.

31 1179 360 1264 acarasseorum
375 1181 497 1246 Filium
514 1181 579 1244 Dei
598 1203 661 1264 per
675 1185 941 1247 resurrectionem
961 1185 986 1244 d
1011 1201 1096 1244 rnor-

30 1267 94 1328 luis.
137 1267 236 1334 Quod
263 1273 373 1329 autem
392 1265 543 1330 Christus
565 1287 630 1330 non
653 1269 695 1330 ob
718 1289 773 1331 eas
798 1271 940 1330 rationes
966 1267 1096 1330 dicatur

32 1350 124 1414 Filius
140 1353 219 1427 Dei,
242 1353 382 1434 probant
397 1355 506 1415 omnia
521 1353 578 1414 illa
595 1360 799 1434 argumenta,
821 1351 939 1434 quibus
954 1355 986 1414 in
1003 1363 1096 1416 onte·

31 1437 207 1500 cedentibus
218 1438 375 1500 evicimus
388 1435 554 1500 Christum
573 1439 669 1500 luisse
685 1441 781 1520 longe
796 1449 872 1500 ante
888 1440 1095 1500 nativitatem

31 1539 106 1584 ruam
117 1543 158 1585 ex
170 1525 314 1603 virgine3
336 1531 448 1593 etesse
462 1523 569 1586 Deum
583 1543 762 1598 summum;
777 1523 1000 1606 sedimprimis
1012 1521 1095 1586 illud

32 1606 199 1670 adstruitur
213 1625 256 1670 ex
278 1605 361 1669 Heb.
375 1609 449 1670 rita
486 1609 538 1670 ubi
558 1607 678 1672 Pairlus
698 1607 979 1672 docet‘Cbristum
997 1607 1095 1672 fuisse

30 1689 132 1755 I’r'iium
148 1692 228 1766 Dei,
239 1695 304 1774 qud
317 1691 418 1766 Deus,
431 1693 562 1776 qnando
574 1694 665 1770 dicit,
680 1693 845 1758 carisium
855 1699 892 1756 ui
904 1692 1027 1756 Filium
1037 1695 1092 1754 do·

32 1781 163 1842 nuesnae
169 1795 328 1860 proeesse,
345 1787 514 1862 postquam
531 1779 625 1849 dixit,
639 1799 720 1840 vers.
733 1781 765 1841 2.
787 1799 859 1840 eum
873 1780 1096 1840 construxisse

31 1863 147 1940 doniors,
164 1873 201 1925 et
214 1883 295 1924 vers.
306 1867 337 1925 4.
353 1881 424 1924 eum
432 1866 491 1943 qni
502 1865 687 1926 construoii
696 1861 767 1926 haec
777 1865 888 1924 omniu
897 1881 967 1924 esse
978 1861 1094 1924 Deum.

31 1945 1094 2032 IitiusigiturDeidicitur‚quiodPotregenitns‚etquianIPater

31 2035 116 2096 ntem
135 2033 235 2106 tradet
249 2033 291 2095 'in
312 2051 347 2094 se
372 2034 458 2114 ipso,
480 2035 529 2096 ilo
546 2033 635 2096 dedit
655 2031 741 2098 Filio
756 2035 862 2096 uitam
878 2031 991 2094 iubere
1006 2033 1042 2094 in
1056 2049 1092 2093 se

32 2116 96 2196 ipso,
116 2118 198 2181 loir.
214 2117 314 2180 naa.
358 2117 389 2179 2.
414 2117 664 2182 Observandum
687 2125 736 2181 est
754 2119 850 2198 hujus
868 2117 1094 2200 generationis

33 2203 142 2266 modum
161 2201 208 2266 ad
234 2203 384 2266 numme
401 2204 580 2266 nativitatis
595 2215 659 2266 aut
677 2203 779 2266 ullius
798 2211 917 2266 creatae
942 2203 987 2265 rei
1005 2201 1095 2282 leges

32 2289 236 2354 revocandum
259 2289 392 2350 minime
411 2307 490 2364 esse,
513 2289 609 2374 longe
631 2289 717 2352 enim
735 2291 841 2354 minsis
857 2287 958 2350 distat
973 2289 1094 2350 coeinm

31 2371 139 2450 ituri,
162 2391 263 2456 quarn
288 2376 459 2456 gnorare
482 2373 555 2437 Filii
578 2375 621 2438 ab
638 2375 709 2436 aliis
734 2373 1024 2458 generationum
1058 2375 1093 2438 in

33 2456 78 2521 iic
99 2459 310 2543 generatione
334 2459 455 2520 divina
477 2463 607 2540 genitor
628 2477 694 2522 non
717 2463 765 2520 est
787 2457 953 2544 antiquior
968 2459 1093 2538 genito,

9 2551 10 2590 I
33 2559 77 2606 nec
88 2549 219 2627 genitus
229 2545 344 2628 junior
359 2547 526 2624 genitore:
550 2555 688 2628 uterque
703 2549 854 2617 eternus,
875 2547 908 2602 et
922 2541 1094 2622 generatio

34 2626 85 2691 inc
107 2631 197 2694 iacta
220 2637 270 2691 est
290 2629 415 2712 absque
437 2627 504 2690 ortt
524 2635 716 2692 mutatione.
761 2625 899 2688 Veteres
914 2642 986 2686 eom
1002 2625 1095 2687 dixe·

36 2715 227 2780 mutiactam
242 2711 440 2790 damaim,
461 2720 577 2796 ἆχςὸνυς,
599 2713 736 2796 ἅχυςῖςως,
758 2711 875 2782 ἀπαθεῖς.
919 2705 989 2772 Hic
1002 2727 1092 2773 men&

35 2798 215 2877 dolicianus
235 2817 309 2863 meu
330 2799 466 2875 terrram,
495 2803 553 2867 sed
573 2801 811 2892 eiungclorum
820 2820 835 2874 ;
868 2803 901 2860 ei
919 2794 972 2861 bic
987 2795 1092 2878 digito

34 2885 288 2970 onpeseendum
307 2885 473 2951 labellum.
526 2932 528 2941 .

395 3216 550 3284 CAPUT
572 3213 706 3279 XVIII.

397 3411 445 3469 De
465 3411 574 3488 Spiritu
590 3409 701 3466 Sancto.

62 3569 84 3632 l.
106 3569 162 3634 Da
183 3571 309 3654 Spiritu
334 3569 457 3632 Sancto
480 3567 657 3630 videndum
685 3568 711 3629 l.
733 3563 825 3633 Quid
848 3566 890 3628 sii
904 3583 946 3628 un
967 3563 1009 3628 sit
1024 3561 1090 3626 Dei

20 3653 132 3732 tonus
152 3675 195 3720 an
212 3661 290 3719 vero
310 3673 453 3737 persoreo
477 3654 659 3716 subsistens
681 3652 836 3714 distincta
857 3653 876 3714 si
900 3651 1001 3716 Putre
1022 3651 1091 3712 etd

32 3733 110 3803 Filio.
153 3743 185 3804 2.
208 3742 262 3805 An
278 3744 321 3803 sit
336 3741 434 3808 Deus.
478 3741 508 3801 8.
534 3745 563 3799 Α
579 3739 819 3820 quoprocedui
863 3737 893 3797 4.
918 3733 987 3798 Cur
1012 3735 1089 3816 Spi-

22 3825 101 3887 ritus
114 3825 254 3889 dicatur.
298 3829 327 3887 b.
353 3826 422 3887 Cur
437 3823 587 3906 Spiritus
603 3827 753 3885 Sanctus.

63 3909 100 3972 ll.
126 3911 171 3975 Ut
186 3915 206 3975 d
221 3913 327 3996 primo
348 3911 553 3994 incipiamus,
578 3907 671 3969 facile
686 3913 734 3970 est
753 3907 977 3968 demonstrare
991 3905 1091 3987 Spiri-

31 3993 83 4056 iru
99 3997 257 4060 Sanctum
270 4007 339 4059 esee
350 3993 527 4079 personam
541 3993 768 4057 subsistentem
789 3991 975 4053 distinctam
992 3993 1012 4054 d
1029 3987 1089 4052 Pa·

55 4089 110 4144 eet
126 4081 223 4158 Filio,
246 4083 344 4165 idque
360 4081 497 4166 probant
512 4101 520 4156 3
557 4080 583 4141 1.
607 4077 726 4140 Omnia
741 4077 798 4138 illa
815 4077 897 4150 loca,
919 4079 951 4138 in
969 4075 1088 4158 quibus

49 4165 395 4338 ὲπίηῧυίωτὲἔᾶτεέεὲί
406 4165 545 4314 Spfflteis
560 4161 741 4313 ivagdet
757 4157 854 4308 Fi‘lio3
877 4168 914 4311 uit
927 4161 1002 4310 goth
1021 4163 1087 4312 gir.

47 4275 69 4306 ¹.
157 4271 227 4316 oro
360 4271 472 4325 oron,
540 4267 644 4312 neum
711 4267 864 4321 cucusum
907 4267 960 4309 as
989 4267 1100 4322 nors,-

75 4274 205 4402 nuogeert
224 4339 391 4403 vobisdum
412 4339 450 4403 in
470 4339 648 4401 &lemna
682 4329 731 4398 lbi
746 4317 897 4418 exdresse
911 4327 994 4398 alius
1009 4333 1088 4396 dici·

559 4435 583 4482 rr
