2994 4996
59 497 140 580 Cup.
154 496 216 584 itt]
498 513 545 564 un
567 513 687 574 uersu,
1072 503 1130 564 lt'l

53 675 133 732 tuus.
180 665 269 731 Nam
293 669 356 733 iste
376 671 506 734 tantum
529 675 669 734 moritur
690 667 800 754 quoad
821 689 953 756 corpus,
974 677 1129 736 manente

52 751 155 818 nuimb
172 755 360 829 immortali,
382 757 449 819 imo
474 755 580 833 beatd,
602 759 627 819 si
649 759 690 819 sit
709 756 814 820 tidelis
839 757 1014 840 (reprobus
1040 761 1127 820 enim

50 838 222 921 dupliciter
243 847 392 902 mortuus
407 840 579 918 dicendus,
601 860 700 925 quum
721 846 864 906 animam
881 843 987 923 eldat)
1001 859 1037 906 at
1052 863 1126 926 pec·

50 927 164 987 catoris
190 927 302 988 anima
328 929 475 990 moritur.
521 927 603 990 Vita
627 931 714 991 enim
739 930 855 990 animes
881 937 931 990 est
957 933 1124 990 sanctitas.

51 1009 296 1072 Observandum
311 1014 423 1084 etlam,
447 1011 500 1076 blc
516 1020 581 1076 tres
604 1014 701 1076 basce
718 1014 851 1095 phrases
867 1012 1125 1094 distinguendas,

50 1098 126 1158 orori
136 1101 287 1178 peccato,
308 1103 469 1161 mortuum
484 1117 554 1162 esse
568 1101 605 1160 in
615 1105 765 1181 peccato,
786 1101 983 1162 moriturum
1003 1117 1073 1162 esee
1087 1101 1125 1160 in

46 1188 184 1261 peccato.
230 1181 319 1244 Mors
330 1191 465 1262 peccalo
481 1181 638 1248 dicuntur
648 1183 771 1260 fideles,
786 1187 843 1266 qui
860 1190 1004 1248 veterem
1023 1185 1125 1245 bomi-

49 1284 115 1328 nem
130 1269 180 1329 ita
198 1266 404 1350 crucifigunt,
427 1275 465 1333 ut
484 1269 658 1333 aboleatur
673 1287 794 1353 corpus
809 1271 949 1352 peccati,
972 1287 1033 1333 uec
1055 1270 1125 1350 ejus

50 1349 188 1415 dominio
203 1351 340 1415 ulterius
355 1354 493 1430 subsint,
517 1363 553 1419 ut
568 1358 656 1438 leges
671 1359 705 1419 in
729 1363 894 1417 mortuum
910 1371 976 1416 non
1000 1355 1123 1416 valent.

50 1435 172 1502 dctus·
183 1439 223 1499 'ire
234 1447 371 1518 peccalo
393 1438 549 1504 dicuutur
564 1447 765 1524 peccatores,
787 1443 844 1522 qni
860 1442 929 1502 rita
945 1440 1009 1502 Del
1025 1439 1124 1502 desti·

50 1523 115 1598 tuti,
135 1525 331 1604 inpeccatis
354 1525 537 1603 ambulant,
559 1533 594 1590 et
608 1529 671 1590 toti
693 1530 725 1588 in
742 1529 780 1589 iis
791 1528 917 1608 jacent.
963 1524 1125 1587 Moriturt'

48 1605 196 1670 dicuutur
212 1611 248 1672 in
257 1615 394 1691 peccato
419 1611 518 1674 iidem
535 1618 737 1695 peccatores,
760 1611 881 1674 Ezeob.
898 1612 943 1673 iii.
964 1611 1011 1680 18,
1044 1610 1122 1674 lob.

49 1694 107 1755 rili.
122 1693 176 1768 21,
191 1693 244 1756 24.
267 1701 302 1757 et
316 1703 398 1759 tunc
414 1715 501 1759 mors
516 1703 611 1760 notat
626 1715 755 1780 poenam
771 1699 809 1759 ils
824 1694 1040 1758 inferendam.

85 1777 243 1849 emotum
258 1791 490 1860 argumentum
505 1785 637 1864 exurgit
652 1801 693 1844 ex
709 1781 862 1844 omnibus
875 1781 939 1842 illis
953 1781 1126 1864 phrasibus

48 1861 202 1946 allegatis,
236 1865 373 1947 aliisque
397 1865 557 1929 similibus
583 1867 681 1929 simul
706 1867 904 1948 conjunctis,
934 1865 1126 1928 inde'euim

49 1949 144 2010 odtnr
159 1950 410 2024 demonstratio.
455 1951 594 2014 Serum
610 1951 781 2034 Scriptura
792 1957 891 2014 vocat
907 1953 1127 2032 peccatorem,

48 2032 97 2095 sed
111 2035 212 2098 talem
228 2053 368 2112 eanum,
391 2037 528 2118 quinon
545 2043 653 2118 potest
669 2034 748 2118 lugd
766 2035 826 2099 sibi
848 2035 1030 2112 consulere,
1052 2037 1130 2118 qula

47 2123 218 2198 captivum
240 2123 415 2203 captivom
429 2123 483 2204 qui
495 2141 561 2184 nou
574 2127 683 2205 potest
695 2121 881 2205 persolvere
893 2120 1128 2205 redemptionis

44 2207 196 2283 pretinm,
212 2209 289 2288 quia
303 2223 370 2270 care
385 2208 495 2271 oliertc
509 2207 687 2284 oberatus3
708 2207 881 2270 debitorem
897 2208 953 2290 qui
966 2226 1034 2269 non
1046 2225 1128 2271 casu

46 2289 147 2353 lactus
163 2299 215 2354 est
238 2294 349 2367 mian,
371 2309 447 2355 uam
471 2311 547 2356 reue
569 2297 629 2368 eei,
651 2299 686 2357 et
710 2292 901 2356 criminibus
926 2299 1126 2375 coopertus;

45 2392 99 2439 nec
113 2396 209 2440 rerem
223 2382 365 2453 tautum,
380 2395 457 2440 uam
468 2379 646 2461 aliquando
657 2397 731 2442 rens
744 2379 835 2442 volet
849 2382 883 2440 et
896 2379 1046 2462 goodetr
1068 2377 1127 2444 sed

45 2461 155 2526 meoli
167 2463 280 2527 morbo
293 2467 477 2544 correptum
486 2483 500 2536 ‚·
523 2483 590 2526 uon
606 2481 736 2547 regnem
751 2469 861 2525 tamen
878 2465 935 2544 qui
949 2465 1055 2544 possit
1069 2483 1127 2529 ro·

45 2565 112 2611 oure
136 2547 313 2625 medicum,
335 2547 393 2612 sed
419 2549 487 2611 olto
501 2567 612 2612 emano
627 2557 818 2622 demersum,
840 2565 901 2610 neo
917 2547 1126 2613 dormientem

44 2637 182 2709 butum,
205 2636 262 2716 qui
290 2637 393 2717 possit
421 2635 588 2716 evigilare,
618 2633 675 2696 sed
705 2641 894 2706 rrrortunm3
926 2649 994 2694 non
1024 2631 1125 2696 talem

43 2725 205 2782 mortuum
223 2722 276 2802 qul
291 2739 358 2783 nou
376 2721 477 2802 possit
493 2718 657 2782 offendere
673 2735 881 2802 quemquam,
902 2723 938 2780 at
958 2723 1124 2782 mortuum

41 2807 91 2889 qui
103 2809 156 2868 est
171 2805 302 2868 rebellis
318 2811 352 2868 et
366 2807 517 2868 inimicus
534 2806 619 2868 Deo.
664 2803 731 2870 Tit.
743 2805 789 2867 iii.
800 2807 831 2868 8.
859 2804 958 2868 Rom.
970 2806 1036 2868 riii.
1049 2806 1080 2868 7.

78 2889 220 2953 Sea-dnm
233 2897 466 2972 argumentum
487 2891 663 2954 deducitur
684 2909 727 2953 ex
747 2889 899 2952 omuibus
920 2889 984 2952 illis
1001 2891 1126 2972 phrasi·

43 2970 106 3050 bus,
128 2975 250 3058 quibus
267 2978 372 3039 utitur
386 2977 557 3059 Scriptura
573 2976 616 3038 ad
634 2973 885 3038 describendum
901 2995 985 3058 opus
1004 2984 1125 3040 nostra

42 3063 274 3138 conversionis,
305 3061 384 3124 dum
410 3065 617 3134 creationem,
647 3061 926 3136 resurrectionem,
951 3077 1125 3144 regenero-

40 3146 166 3222 tioneor,
190 3155 225 3208 et
239 3149 351 3210 cordis
365 3149 446 3210 novi
461 3147 711 3227 productionem
727 3151 845 3220 rocat;
875 3143 939 3205 illis
953 3149 1040 3207 enim
1057 3149 1125 3209 exi·

42 3233 98 3296 uie
110 3231 293 3295 adumbrat
315 3233 455 3314 Spiritus
477 3231 620 3293 Sanctus
642 3231 825 3312 peccatoris
841 3245 1000 3291 summam
1021 3233 1125 3314 impo-

41 3319 187 3392 tentiam,
209 3315 275 3399 qud
302 3317 401 3380 bomo
426 3316 469 3379 ad
493 3319 541 3379 sui
566 3318 778 3390 creationem,
800 3317 1074 3380 resurrectionem
1090 3323 1124 3383 et

41 3407 323 3482 regenerationem
338 3403 420 3465 nibil
435 3403 585 3466 conterre
600 3403 697 3486 plane
713 3401 811 3464 valet.

76 3487 117 3550 V.
143 3488 229 3551 Haec
251 3489 447 3572 impotentia
470 3487 610 3551 bominis
632 3489 824 3570 neutiquam
842 3485 863 3550 d
884 3492 1023 3571 peccato
1045 3507 1123 3552 eum

38 3581 188 3648 excusat,
215 3574 376 3656 siquidem
399 3593 466 3636 nou
488 3581 538 3637 est
559 3575 789 3638 involuntario
811 3583 844 3635 et
862 3593 947 3637 moe
967 3571 1123 3658 plryeioa,

36 3677 102 3738 qua
119 3679 165 3722 ex
184 3656 316 3724 delectu
342 3661 497 3744 potentie
516 3657 675 3722 naturalis
696 3661 832 3735 oriatur,
857 3669 893 3722 ut
910 3663 943 3721 in
960 3679 1047 3722 ceco
1063 3661 1124 3722 im·

35 3747 187 3824 potentia
202 3743 347 3821 ridendi,
368 3744 426 3808 sed
448 3749 498 3807 est
519 3746 724 3821 voluntario,
746 3751 780 3806 et
794 3763 868 3827 quoe
890 3747 995 3807 oritur
1010 3763 1052 3807 ex
1067 3744 1124 3806 de·

33 3835 175 3908 prorata
198 3833 354 3912 potentin
376 3831 632 3906 constitutioue;
664 3831 721 3892 illa
742 3835 793 3892 est
816 3827 1039 3909 infirmitatis,
1061 3831 1125 3898 ista

32 3917 203 3987 meldim
226 3915 283 3978 illa
297 3917 592 3992 commiseratione,
609 3914 678 3978 brec
693 3917 857 3996 vituperio
873 3915 984 3996 digna.
1030 3915 1125 3978 Nihil

29 4005 74 4062 ert
88 4007 195 4064 extra
207 4001 411 4064 uoluntatem
428 4006 586 4076 nostram,
602 3998 690 4081 quod
703 4000 851 4062 lellcitati
864 4009 982 4062 nostre
993 4000 1123 4064 obicem

32 4093 145 4164 ponat.
196 4085 315 4168 ltaque
330 4085 439 4150 dicere
456 4086 621 4148 bominem
634 4103 701 4146 nou
718 4103 812 4166 posse
827 4088 886 4146 uisi
904 4085 1026 4148 malum
1042 4105 1123 4168 prtu-

31 4177 125 4247 utare,
150 4169 243 4234 idem
259 4177 309 4234 est
323 4189 363 4235 ac
378 4174 404 4234 si
420 4170 603 4235 diceremus
619 4169 785 4232 homiuem
806 4171 853 4231 itu
868 4171 927 4232 sibi
942 4171 1073 4253 placere
1088 4175 1123 4236 iu

29 4263 185 4336 peccato,
207 4256 351 4320 utillud
374 4255 459 4320 nolit
480 4257 605 4338 ingere.
650 4255 813 4317 Preterea
837 4255 905 4316 brec
929 4258 1125 4338 impotentia

30 4341 65 4404 ab
80 4344 227 4416 bomine
241 4347 394 4427 augetur,
415 4349 589 4427 peccatum
609 4340 727 4406 crebro
748 4341 909 4425 patrando
926 4349 1042 4408 contra
1057 4361 1123 4406 rum
