3032 4998
346 369 389 470 st
661 375 873 429 cerisarios
893 369 1104 430 remunera.
1296 355 1420 446 [aaut

349 539 400 602 16.
421 535 548 598 inlauo
563 533 687 598 Nausia
702 533 865 616 lapidibus
875 535 1041 608 obrutum,
1056 533 1163 614 capite
1173 535 1374 606 truncatum,
1387 535 1420 593 et

323 673 328 686 .
346 623 548 703 discerptum
562 620 735 694 scribito
746 622 791 682 is.
806 621 836 684 b.
853 627 887 681 et
902 623 931 684 9.
962 623 1010 682 ait
1023 637 1065 682 ex
1082 615 1212 680 Perside
1227 619 1260 678 iu
1276 615 1420 680 tuream

347 713 590 792 properantem,
616 717 685 768 non
709 707 897 787 aspectabili
924 702 1020 786 plagi
1044 701 1198 764 divinitus
1223 719 1421 784 percussum,

348 799 593 856 interaneorum
608 792 770 864 cruciatu,
791 788 1035 870 erumpentibus
1060 806 1102 852 ex
1129 794 1338 868 putrescente
1356 803 1426 848 cor·

350 896 431 959 pore
447 875 621 949 vermibus,
642 875 831 940 meleretum
854 875 996 936 animam
1014 872 1193 934 exbalasse.
1238 871 1358 953 Capita
1371 869 1426 932 ad·

351 963 422 1024 dita
436 961 519 1024 libro
536 959 687 1026 Ecum
700 969 734 1022 et
750 957 906 1024 Danielis
926 977 992 1020 nou
1011 976 1081 1020 esse
1095 959 1256 1020 canonica
1271 958 1425 1039 probetur

350 1045 532 1122 evidenter,
552 1063 648 1108 exeo
664 1043 752 1127 quod
768 1061 844 1104 curn
869 1045 1030 1105 monnica
1055 1043 1224 1122 Scriptum
1248 1043 1427 1124 pugnantia

352 1133 536 1194 continent.
578 1129 743 1192 Susam
758 1126 872 1190 drama
898 1126 1049 1209 setaque
1062 1131 1094 1190 et
1113 1126 1281 1190 Draconis
1304 1127 1428 1189 tabulas

352 1235 396 1280 ne
407 1217 593 1277 historicam
605 1213 738 1295 quidem
750 1210 985 1285 hdem‚nedum
997 1213 1191 1275 canonicam
1201 1215 1429 1274 auctoritatem

354 1301 472 1365 mereri
486 1299 611 1362 clarum
627 1306 676 1360 est
691 1297 885 1360 attendenti.
919 1297 983 1374 ‚De
1007 1299 1131 1360 ceteris
1155 1297 1240 1360 idem
1258 1296 1434 1380 judicium,

354 1393 390 1450 et
404 1384 589 1466 inspicienti
610 1383 745 1465 patebit,
768 1385 900 1448 minime
924 1400 992 1446 ease
1019 1381 1157 1444 divinos.
1198 1383 1228 1444 4.
1254 1381 1435 1444 Confirmat

357 1479 504 1534 nostram
519 1471 713 1530 sententium
732 1467 885 1530 Ecclesiae
903 1465 1097 1530 Christiane
1117 1468 1316 1549 suffragium,
1340 1466 1436 1530 Meli·

357 1555 457 1626 tonis,
472 1551 809 1626 conciliilraodieeui,
824 1555 879 1614 cui
893 1555 1084 1633 neutiquam
1107 1554 1283 1615 concilium
1296 1551 1436 1614 Cartha·

357 1641 494 1724 ginense
514 1651 567 1722 tn.
590 1636 789 1717 provinciale
814 1637 1066 1720 opponendum
1097 1637 1280 1715 Athanasii,
1319 1637 1437 1700 Hiero·

358 1724 464 1810 nymi,
487 1720 675 1804 Epiphanii,
696 1722 910 1804 aliorumque.

401 1806 465 1870 IV.
488 1806 646 1874 Quamvis
670 1815 836 1870 constaret
863 1826 904 1870 ex
929 1807 1120 1890 quibusdam
1140 1807 1343 1890 tibrim-quos
1357 1826 1436 1890 apo·
1490 1838 1491 1864 r

359 1891 504 1976 cryphos
519 1891 668 1969 dicimus,
690 1895 807 1956 citasse
833 1892 958 1973 aliquot
973 1893 1047 1954 lora
1073 1892 1116 1954 N.
1129 1892 1167 1954 T.
1191 1895 1378 1976 scriptores,
1400 1901 1438 1954 ut
1491 1908 1492 1920 ¹

359 1976 556 2062 quibusdam
572 1977 692 2060 placet,
713 1997 781 2040 non
796 1979 902 2040 minus
917 1979 1011 2038 nobis
1035 1977 1217 2061 apocryphi
1237 1975 1437 2042 viderentur.
1492 1978 1493 2008 ³

361 2063 426 2124 Cui
452 2063 538 2124 enirn
564 2065 713 2142 ignotum
736 2061 922 2136 Menandri,
944 2062 1049 2134 Arati,
1084 2069 1119 2122 et
1144 2062 1346 2141 Epimenidis
1373 2079 1438 2125 me-

360 2148 491 2210 minisse
505 2165 615 2208 sacros
629 2153 791 2218 auctores,
816 2148 829 2208 l
844 2145 921 2206 Cor.
937 2163 990 2206 xv.
1003 2147 1055 2208 33.
1070 2143 1195 2206 Actor.
1208 2147 1284 2208 xvii.
1297 2147 1349 2210 28.
1372 2147 1439 2210 Tit.

358 2233 381 2296 i.
397 2229 443 2294 12.
488 2230 534 2292 At
558 2233 629 2312 quis
654 2229 774 2294 horum
794 2229 1004 2292 ethnicorum
1022 2235 1135 2292 vatum
1149 2231 1273 2313 scripta
1286 2233 1374 2295 inter
1389 2249 1442 2296 ca·

360 2319 481 2380 ironica
496 2316 642 2380 referret.

406 2401 449 2464 V.
474 2399 646 2464 Vocantur
660 2403 713 2466 isti
730 2399 802 2466 libri
816 2406 966 2484 ἐπέψω.
987 2405 1056 2467 sire
1076 2402 1165 2487 qnod
1186 2403 1309 2468 inerint
1322 2405 1443 2468 remoti

362 2491 418 2551 atri
431 2517 473 2558 rer
488 2493 607 2570 nime,
627 2489 756 2552 incra
770 2489 828 2552 illa
843 2490 988 2572 capsula,
1009 2491 1043 2552 iu
1058 2487 1126 2572 qul
1140 2489 1212 2552 libri
1228 2493 1310 2554 sacri
1327 2509 1443 2553 recon-

363 2573 537 2648 debantur,
559 2575 628 2637 sire
643 2572 731 2656 quod
747 2574 885 2656 publice
899 2593 965 2636 non
986 2575 1184 2656 legerentur,
1205 2575 1263 2638 sed
1278 2577 1444 2658 privatim,

363 2657 454 2740 quod
470 2666 580 2722 tamen
596 2677 662 2720 non
678 2677 804 2742 semper
817 2659 1026 2723 observatum
1053 2669 1113 2736 est,
1124 2679 1211 2723 uam
1235 2679 1289 2724 ex·
1301 2661 1459 2723 coneilio·

366 2743 618 2824 Carthaginensi
634 2747 731 2806 tertio
747 2753 838 2826 patet
859 2743 1007 2826 quedam
1033 2763 1099 2806 non
1126 2747 1286 2810 monnica
1310 2748 1446 2828 scripta,

364 2827 498 2912 publice
513 2828 600 2890 lecta
614 2825 725 2910 luisse,
739 2832 806 2890 sire
822 2827 912 2910 qnod
928 2829 1067 2892 occulta
1082 2830 1203 2894 luerint
1217 2833 1447 2912 originis,-sir·e

365 2914 410 2976 ob
424 2912 505 2974 alias
520 2927 645 2976 musas.
691 2913 768 2976 Vox
784 2914 903 2976 Groeca
915 2915 1253 2998 &ingober-respondet
1274 2915 1448 2980 Hebraiese

366 3014 416 3067 rua
443 2990 663 3072 absconditus,
698 2999 843 3062 Hebreis
858 3005 970 3064 autem
986 3001 1059 3063 libri
1085 3015 1186 3068 :arun
1208 3009 1285 3063 sunt
1308 2995 1366 3078 illi,¹
1390 3005 1447 3084 qui

366 3085 483 3148 vitiose
497 3085 621 3164 scripti,
642 3085 912 3168 occultabantur;
933 3085 1014 3150 liber
1028 3088 1113 3169 legis
1128 3091 1164 3148 in
1177 3105 1239 3169 qun
1251 3091 1347 3150 aaut
1375 3092 1450 3150 trin

364 3173 491 3244 erratu,
512 3169 727 3251 sepoocbntur
740 3175 772 3234 et
785 3170 1013 3235 comitabatur
1025 3174 1048 3232 ὰ
1063 3169 1206 3236 Jedoeie.

408 3253 474 3316 Alii
490 3257 509 3314 ὲ
524 3263 641 3316 contra
652 3256 724 3318 libri
736 3259 829 3318 citati
840 3258 949 3336 capite
964 3271 999 3317 u.
1015 3256 1187 3320 dictisunt
1201 3261 1363 3332 canonici,
1381 3279 1451 3321 non

367 3338 466 3400 modo
482 3342 559 3420 quia
574 3341 606 3400 in
622 3357 749 3402 canone
764 3340 921 3402 librorum
939 3359 1109 3404 sacrorum·
1121 3343 1164 3406 ab
1181 3341 1329 3407 Ecclesih
1344 3346 1452 3408 ludu⁴

366 3419 420 3488 teri
435 3431 469 3484 et
485 3421 674 3486 christiane
689 3426 822 3505 repositi
837 3431 924 3497 sunt,
946 3425 1052 3488 sedet
1066 3428 1146 3510 quia
1160 3448 1219 3512 pro
1234 3428 1366 3492 fideiac
1379 3451 1452 3494 nro·

367 3527 438 3572 rum
455 3505 553 3572 unici
568 3507 680 3588 reguli
694 3517 753 3570 aut
767 3527 895 3571 canone
911 3509 1021 3572 baberi
1037 3511 1171 3577 debeat.

409 3594 522 3676 Atque
540 3595 607 3654 hec
623 3591 664 3654 de
680 3591 945 3676 scripturientis
995 3594 1088 3660 Alios
1099 3602 1186 3662 enirn
1199 3600 1454 3686 librosapocry·

366 3679 450 3764 phos
465 3697 531 3740 non
547 3697 780 3751 commemoro,
804 3685 841 3740 ut
859 3686 937 3742 acta
957 3680 1057 3758 Petri,
1079 3685 1286 3766 evangelium
1302 3685 1455 3764 Thomas,

365 3768 426 3828 &a
452 3763 589 3824 reseram
607 3767 735 3827 tanturn
745 3763 909 3845 judicium
934 3765 1128 3852 Hieronymi
1143 3769 1186 3832 arl
1202 3771 1324 3833 hetam
1341 3771 1383 3832 de
1400 3777 1454 3836 irr-

366 3851 538 3936 etitutione
553 3847 645 3910 filie:
672 3851 803 3912 Caveat
813 3854 926 3914 omnin
940 3853 1152 3936 apocryphae
1174 3861 1252 3919 etsi
1266 3857 1398 3938 quondo
1412 3879 1456 3922 ea

365 3955 430 3996 raon
445 3937 492 3996 cd
505 3935 698 4016 dogmatum
712 3941 894 4011 ueritatem,
915 3939 975 4002 sad
987 3939 1034 4000 nd
1045 3941 1218 4021 signorum
1232 3945 1458 4008 reverentiam

237 4043 244 4054 ·
366 4023 473 4102 legere
488 4021 638 4094 colonis,
650 4019 739 4084 sciat
753 4041 817 4086 non
831 4041 1031 4098 consa-esse,
1044 4042 1180 4105 mum
1195 4027 1305 4095 timete
1319 4045 1456 4108 praeno·

368 4105 495 4178 teritur,
517 4109 682 4188 ramisque
696 4109 750 4170 hia
764 4108 917 4169 adrnictn
934 4112 1070 4188 vitioso,
1091 4115 1124 4175 et
1132 4114 1279 4196 grundis
1289 4133 1359 4177 esse
1371 4133 1457 4196 prat·

366 4190 490 4252 deretiae
505 4209 625 4256 aurum
641 4214 677 4256 m
692 4195 761 4256 turo
775 4211 927 4275 quererere.
