2986 5160
501 16 614 73 INDEX
637 19 770 76 81111181.

134 181 184 245 90.
207 188 258 245 est
272 179 389 244 ordine
404 184 539 264 primos,
555 182 598 248 ib.
644 183 683 246 In
704 201 801 266 opere
816 181 1087 250 salutiratsum·
1166 161 1174 178 ⁸

134 287 207 330 mus
222 267 334 329 ,iudex
351 269 578 332 consideratur
709 313 1083 332 .........
1130 275 1173 336 90

89 351 209 415 Patres
224 358 344 416 veteris
360 353 563 418 Testamenti
579 353 696 417 salvati
713 361 790 416 sunt
806 373 950 438 aqueae
967 375 1026 417 uos
1064 400 1085 417 ..
1111 358 1175 422 274
1286 377 1289 388 ·

89 437 231 501 Patrum
247 437 450 502 Testimouia
465 449 498 504 et
514 441 660 504 Decreta
681 439 905 504 conciliorum
929 459 994 503 nou
1015 445 1091 502 suut

134 523 209 588 fidei
228 539 422 607 morumque
438 527 578 608 regule..
710 570 733 588 ..
894 569 1085 588 .....
1131 527 1174 588 42

89 605 321 672 PatentiaDei
1064 655 1086 676 .·
1132 614 1173 676 77

95 695 221 757 Paulus
237 694 386 777 Scriptor
400 701 450 758 est
466 695 673 778 Epistolmad
687 697 856 771 Hebroeos,
876 698 923 760 15.
970 695 1092 780 Paulus

135 787 169 842 et
192 780 338 842 incubus
352 781 395 842 de
412 781 650 862 justificatione
666 785 806 846 invicem
830 783 1050 846 conciliantur
1112 783 1175 846 812

93 863 274 928 Peccatum
303 869 400 928 variis
420 867 608 929 nominibus
632 867 837 950 exprimitur,
862 869 933 932 148.
963 868 1091 950 peccati

137 959 265 1024 natura,
285 951 352 1012 141.
378 955 504 1034 peccati
517 953 648 1015 macula
662 963 697 1016 et
719 961 840 1029 reatus,
865 955 935 1018 148.
958 953 999 1016 de
1017 971 1092 1035 pec·

136 1039 202 1098 cati
220 1038 333 1118 posuis,
355 1039 432 1100 vide
449 1037 549 1100 Poeua

91 1153 265 1171 ---·
287 1125 426 1204 primum
449 1125 625 1206 primorum
651 1124 841 1200 Parentum,
861 1125 938 1189 ordo
953 1123 1091 1206 Lapsus.

135 1213 310 1289 peccatum
327 1209 408 1270 iliud
431 1209 545 1290 quales
559 1209 695 1272 effectus
711 1214 744 1272 iu
767 1213 879 1292 primis
900 1210 1094 1273 Parentibus

139 1291 342 1373 produxerit,
358 1295 425 1356 144.
454 1296 617 1358 Omnibus
629 1297 767 1378 posteris
778 1299 987 1378 imputatum,
1002 1295 1093 1378 quod

137 1395 247 1458 neque
262 1382 378 1441 mirum
396 1379 497 1442 videri
513 1380 612 1443 debet
715 1423 1090 1443 .........
1120 1377 1176 1440 147

90 1465 514 1612 ’δῶ-,1181111112
524 1465 693 1626 ratiti?
703 1465 1093 1635 ἕξὲὲξέἓὲἓῖἐῖῗέἕὲζ

137 1641 331 1696 nouantem
348 1637 420 1716 ejus
445 1643 561 1711 matre,
586 1638 656 1700 158.
702 1636 854 1700 Vocatur
876 1635 964 1699 istud
986 1637 1093 1718 sapis·

136 1721 218 1780 sime
233 1723 513 1802 coucupiscentia,
534 1731 651 1805 estque
666 1725 733 1786 veri
750 1724 892 1786 nominis
908 1727 1094 1804 peccatum,

140 1803 210 1868 158.
234 1803 314 1866 illud
331 1805 498 1888 quomodo
510 1813 710 1890 propagetur
714 1841 905 1870 .....
1054 1850 1064 1869 .
1120 1805 1180 1868 154

92 1921 263 1936 -——--·-
288 1891 420 1954 actuale
440 1893 475 1953 in
501 1897 608 1955 varias
629 1896 764 1973 species,
781 1891 988 1968 distinctum,
1022 1849 1092 1978 155..

135 1981 212 2036 aunt
228 1980 339 2035 autem
357 1981 495 2054 peccata
509 1976 681 2054 inaequalia
713 2013 1092 2036 .........
1120 1973 1179 2036 158

92 2091 264 2106 -—--
278 2060 312 2118 in
328 2057 485 2139 Spiritum
503 2055 535 2118 S.
553 2057 719 2140 explicate
738 2057 971 2137 investigatum
992 2060 1027 2120 et
1041 2057 1097 2120 de·

135 2140 1096 2225 scriptum,trucorvooeturpeocorcminspiriromsano·

137 2237 221 2304 tum,
240 2229 310 2292 168.
335 2227 426 2290 Num
443 2229 476 2289 in
492 2244 607 2292 omues
621 2227 768 2291 homiues
783 2225 901 2290 cadere
916 2233 1029 2309 queat,
1050 2227 1094 2292 10.

135 2314 191 2378 Au
206 2315 387 2376 etiamnum
404 2317 609 2397 reperiantur
626 2312 785 2387 homines,
806 2315 911 2394 quiin
936 2314 1000 2377 hoc
1019 2332 1095 2398 pec·

136 2407 249 2463 catum
266 2399 430 2474 labantur,
450 2401 518 2464 168.
541 2417 645 2481 quare
659 2395 958 2463 irremissibiieaiti
1119 2397 1180 2461 164

98 2485 537 2567 Pentateuchiscriptorest
555 2485 666 2547 Moses
899 2529 1091 2548 .....
1140 2484 1179 2546 10

97 2571 263 2636 Periectio
279 2572 312 2634 S.
335 2571 512 2651 Scriptura
533 2571 683 2654 probata,
699 2572 751 2634 88.
774 2585 986 2652 nequaquam
1013 2571 1095 2631 min·

137 2659 285 2719 isteriuur
303 2656 573 2719 Ecclesiasticum
589 2663 649 2718 aut
664 2655 805 2738 Spiritus
819 2656 962 2719 Sanctus
977 2671 1094 2736 opera·

138 2741 422 2806 tiouemexcludit
884 2783 906 2800 ..
1137 2737 1178 2798 85

96 2827 280 2909 Perjrrrium
298 2828 436 2889 vetitum
451 2830 501 2888 est
545 2867 1090 2886 ...........
1115 2819 1180 2888 822

96 2914 291 2976 Permittere
307 2919 444 2993 peccatu
460 2909 627 2994 quomodo
643 2910 737 2974 Deus
751 2909 883 2974 dicatur
886 2953 1077 2971 .....
1082 2953 1083 2956 ¹
1120 2906 1180 2969 180

96 2996 421 3061 Perseverantiafide
444 2997 582 3079 probata
881 3039 903 3057 ..
1112 2991 1177 3056 298

97 3085 247 3148 Persona
262 3091 327 3146 tres
349 3085 476 3146 suntin
501 3079 623 3144 Diriut
646 3077 798 3144 Essentit
819 3079 1004 3156 distincta3
1025 3097 1093 3142 nou

136 3177 247 3232 autem
264 3177 329 3232 tres
347 3167 416 3242 Dii,
437 3167 494 3231 sed
513 3185 597 3230 unus
614 3167 706 3230 Deus
728 3173 817 3243 sunt,
1139 3161 1180 3224 86

93 3287 266 3308 --·-
280 3255 387 3318 Sacro
403 3253 580 3316 subvereri
596 3252 810 3316 Testameuto
887 3292 1093 3316 ......
1117 3247 1183 3312 218

96 3341 318 3423 Perspicuitas
332 3341 362 3402 8,
383 3339 560 3422 Scriptura
577 3340 727 3422 probata,
748 3358 786 3402 ac
798 3336 856 3421 qni
871 3333 1095 3420 intelligenda.
1138 3335 1181 3397 88

96 3425 213 3490 Petrus
229 3428 418 3508 neutiquam
436 3426 498 3488 tuit
515 3423 626 3507 Caput
643 3423 799 3488 Ecclesia
887 3463 1092 3488 ......
1116 3419 1180 3482 859

96 3511 225 3574 Pharao
237 3510 426 3594 exemplum
445 3509 585 3573 hominis
600 3511 743 3574 indurati
759 3509 895 3574 exhibet
899 3550 1091 3572 .....
1120 3501 1179 3564 185

96 3597 248 3660 arsinoi
266 3597 321 3678 qui
338 3605 372 3659 et
384 3595 463 3678 quid
479 3595 645 3659 docebant
659 3614 699 3658 ac
715 3592 909 3660 iaciebant?
1000 3603 1004 3610 '
1115 3587 1178 3652 226

95 3681 250 3747 Phinehre
263 3682 385 3745 factum
401 3683 462 3765 ipsi
474 3681 673 3762 imputatum
685 3688 735 3744 est
745 3681 788 3745 ad
795 3681 971 3765 justitiam,
981 3695 1094 3762 quaru-

136 3771 184 3831 vis
201 3767 305 3830 rualta
319 3769 352 3828 in
369 3785 409 3830 co
424 3764 620 3830 videbantur
639 3767 857 3849 improbanda
890 3783 929 3828 ..s
1120 3759 1183 3826 818

97 3853 258 3917 Pacuium
271 3852 377 3916 laudis
392 3859 426 3916 et
441 3850 691 3928 benedictionis,
705 3853 779 3916 400.
835 3853 873 3916 In
891 3850 1098 3915 Eucharistia

133 3941 233 4004 etiam
251 3939 409 4024 poculum
425 3937 578 4006 omuibus
604 3935 754 4004 fidelibus
769 3937 914 4004 dandum
931 3945 991 4002 cst.
1118 3927 1182 3991 41⁰
