3032 4998
80 441 168 524 Cup.
182 437 229 528 6.]
483 455 533 508 na
557 453 677 506 vaano
702 453 775 508 nar.
900 474 901 483 ι
1138 447 1181 516 al

79 616 182 676 mirus
192 617 244 674 est
254 616 366 675 umen
377 612 465 676 inter
475 631 510 676 ιε
521 631 711 688 consensus,
724 611 813 696 quod
824 613 983 678 invictam
998 632 1174 698 argumen-

81 703 153 762 tum
170 704 234 772 ειι,
256 698 398 760 eundem
415 699 572 780 Spiritum
587 713 701 760 eurum
715 699 871 762 librorum
888 713 1150 768 esseauctorern.

120 783 205 846 Xll.
228 784 397 864 Septimus
432 785 605 866 character
630 790 691 858 ειι,
723 803 764 847 en
802 787 925 862 docere,
957 805 1035 868 quoe
1057 791 1171 854 ment

8 899 9 932 r
75 871 182 951 plone
208 887 317 932 cama
339 869 448 932 animi
467 873 582 942 ιιοιιιι,
605 873 636 930 et
652 887 741 950 poce
754 873 785 933 et
798 873 929 955 gaudio
949 873 1172 940 inmerentis·

79 965 204 1016 mentes
225 953 441 1036 peffmrdnat
471 956 524 1030 ιε.
569 955 679 1016 Nemo
704 961 783 1018 sane
808 959 916 1037 ipsum
940 958 1168 1023 characterem

79 1039 171 1102 libris
188 1039 278 1102 bisce
293 1049 482 1122 competere
503 1037 680 1116 dubitabit,
702 1043 759 1124 qui
778 1039 940 1117 attendet,
961 1045 996 1104 in
1017 1045 1057 1106 iis
1077 1045 1169 1108 libris

79 1125 191 1188 doceri
210 1124 345 1188 modurn
361 1143 427 1206 quo
438 1125 531 1192 Deus
543 1127 644 1188 iratus
656 1125 877 1208 placatusest,
888 1135 922 1188 et
936 1129 1096 1192 rationem
1106 1131 1169 1212 ipsi

76 1208 240 1294 placendi,
261 1215 363 1292 atque
375 1211 418 1272 ab
439 1231 479 1272 εο
492 1212 593 1273 vitam
605 1229 645 1272 ac
661 1209 941 1274 immortalitatem
952 1214 1169 1294 impetrandi3

80 1315 200 1381 quique
217 1295 406 1359 observabit
420 1315 476 1358 eos
491 1315 552 1358 nos
566 1295 665 1358 solari
686 1293 843 1358 adversus
864 1299 987 1374 omnia,
1008 1318 1078 1382 qua
1093 1299 1169 1364 soli·

78 1387 179 1445 citum
193 1381 319 1445 babent
329 1383 476 1443 animum
488 1381 840 1462 humanum,etqnibns
850 1384 1036 1463 angitur,ac
1047 1385 1169 1467 quibus

78 1473 216 1544 aestuat3
237 1468 334 1548 cnjus
349 1470 490 1550 angorie
503 1473 570 1529 tres
585 1467 683 1548 vulgo
699 1473 909 1529 recensentur
923 1485 1046 1545 canem
1068 1472 1167 1554 hujus

81 1558 164 1616 orico
177 1553 340 1627 miserim,
361 1554 477 1615 mortio
491 1555 640 1627 terrores,
658 1552 793 1634 peccati
806 1555 1018 1618 coaecrentia.

116 1638 217 1702 Xlll.
242 1637 331 1700 Huic
357 1639 497 1720 septimo
525 1637 708 1701 characteri
734 1637 819 1700 alius
844 1636 1076 1722 adjungendus
1101 1647 1165 1719 est,

80 1727 204 1806 petitus
219 1722 262 1786 ab
287 1719 433 1786 efficacit
460 1723 575 1786 boruro
592 1722 749 1786 librorum
770 1723 803 1784 in
818 1725 1045 1788 convertendo
1061 1727 1166 1792 borni·

77 1827 135 1886 ne;
156 1813 205 1872 ita
219 1811 309 1871 enlm
325 1815 499 1890 penetrant
514 1811 547 1871 in
565 1807 735 1872 hominurn
751 1811 890 1883 animos,
904 1818 943 1872 ut
957 1813 1108 1892 quamvis
1123 1815 1163 1876 ιιι

76 1896 174 1958 insint
200 1894 245 1957 ab
271 1904 346 1956 ortu
373 1896 582 1956 tenacissima
595 1895 775 1976 impietatis
785 1896 923 1969 semina,
944 1901 1071 1958 tantam
1093 1915 1164 1960 mu·

77 1983 236 2044 tationem
263 1978 436 2056 inducant,
461 1984 497 2040 nt
522 1987 696 2062 peccatum
722 1975 800 2042 odio
827 1980 959 2053 habere,
985 1999 1164 2064 rerumque

76 2068 231 2130 virtutem
244 2065 337 2147 sequi
349 2065 520 2148 incipiant.
559 2063 638 2127 ideo
650 2063 774 2128 Paulus
782 2065 890 2128 aiebat
901 2065 928 2128 1.
939 2064 1098 2130 Thesaii.
1113 2069 1162 2132 13.

76 2149 138 2216 Dei
155 2169 341 2214 sermonem
356 2167 454 2232 agere
469 2150 502 2211 in
515 2151 554 2212 iis
565 2153 619 2232 qni
631 2149 788 2226 credunt;
811 2158 845 2214 et
862 2151 947 2214 banc
961 2151 1006 2214 ob
1016 2171 1165 2232 musam,
1232 2227 1233 2230 Ἴ

74 2233 324 2320 ascriptoribus
339 2237 438 2298 sacris
454 2235 533 2316 igni,
548 2234 680 2312 malleo,
694 2235 806 2318 gladio
821 2237 970 2320 ancipiti,
982 2241 1166 2321 seminique

72 2329 295 2407 comparatur.
339 2321 406 2384 Jer.
431 2321 524 2382 xxiii.
560 2320 645 2382 Heb.
668 2322 712 2382 ir.
761 2321 777 2384 1
800 2317 872 2384 Pet.
886 2323 908 2384 i.
954 2321 1043 2406 Hinc
1071 2329 1162 2390 recte

75 2408 281 2482 Lactantius,
304 2406 385 2470 Inst.
401 2404 455 2468 lib.
473 2407 517 2467 iii.
534 2423 564 2468 c.
580 2404 634 2471 26.
679 2403 772 2476 Qec
782 2405 846 2482 tut,
870 2404 1062 2492 Philosophi
1076 2410 1163 2473 scili·

72 2501 137 2570 cet,
156 2495 310 2576 poscente
322 2492 447 2554 natura
455 2489 658 2572 jaciendum
679 2509 749 2554 esee
768 2495 951 2567 emicunt,
973 2494 1033 2556 aed
1052 2497 1161 2560 tamen

72 2597 173 2664 aeque
186 2577 382 2662 ipsisoeere
392 2579 581 2658 potuerunt,
600 2594 702 2656 aeque
714 2577 737 2638 ὰ
748 2575 956 2658 ριὶὼιοριιιι
962 2575 1050 2656 fieri
1059 2597 1160 2660 poree

74 2669 240 2738 uiderwrl,
260 2665 333 2728 solu
347 2662 418 2726 acc
431 2659 540 2748 efficit
553 2663 708 2725 doctam
722 2663 876 2737 εωιιιιιι,
890 2680 966 2746 quen
979 2667 1054 2727 colo
1064 2667 1161 2748 sapi·

74 2754 163 2818 catio
177 2756 229 2816 est
242 2753 302 2814 be.
341 2747 399 2812 Dc
406 2749 490 2812 miii
500 2751 623 2823 uirum,
632 2749 693 2830 qui
701 2748 749 2812 ιιι
757 2749 954 2826 iracundus,
964 2749 1159 2828 maditus,

75 2835 279 2921 firmatur.
307 2835 530 2916 paucissimis
554 2831 622 2898 Dei
643 2833 754 2898 verbis
773 2841 844 2898 tom
864 2836 1040 2917 placidina
1060 2840 1159 2920 φιιιιιιι

74 2925 327 2994 mnndum,
348 2923 407 2984 ec.

111 3007 212 3072 XlV.
246 3005 396 3070 Tandem
421 3007 560 3072 octovas
588 3009 623 3068 et
648 3003 784 3067 ultimus
818 3004 1001 3076 character,
1015 3011 1078 3083 eat,
1116 3025 1160 3070 eu

69 3095 266 3176 prodicus,
288 3111 363 3176 quc
376 3095 399 3154 ὰ
411 3095 503 3156 nollo
516 3091 644 3154 homine
657 3093 811 3173 cognosci
828 3095 1008 3171 paterane-
1034 3096 1067 3156 et
1086 3111 1162 3173 qum

72 3185 216 3264 tempure
229 3197 289 3242 atro
303 3181 442 3260 impleta
456 3185 557 3248 ιιηιις
580 3181 614 3237 ει
629 3173 683 3236 bic
694 3174 867 3236 character
883 3175 1024 3238 multum
1040 3179 1163 3244 emicat

72 3268 105 3330 in
122 3269 163 3329 iis
178 3265 288 3333 libris:
310 3268 365 3328 cui
380 3266 466 3329 enim
483 3265 598 3344 ignota
612 3265 688 3322 sunt
702 3261 860 3322 vaticinia
870 3257 912 3322 de
923 3256 1011 3322 terri
1023 3257 1163 3326 canaan

72 3349 184 3416 danda
200 3349 323 3427 leratli,
344 3349 386 3414 de
401 3350 595 3434 captivitate
612 3342 827 3430 Babylonica
850 3344 892 3408 de
907 3343 1012 3430 Cyro,
1028 3345 1070 3410 de
1080 3366 1160 3431 qna·
1227 3425 1230 3431 Δ

74 3445 151 3502 tuor
164 3436 377 3511 monarchiis,
399 3435 441 3500 de
457 3435 601 3498 victoriis
618 3429 797 3496 Alexandri
816 3431 944 3514 Magni,
977 3430 1018 3495 de
1034 3431 1159 3497 Christi

73 3525 259 3598 nativitate,
271 3529 389 3600 morte,
404 3520 655 3594 rerurrectione,
665 3520 871 3591 ascensione,
881 3517 924 3580 ‹le
939 3517 1012 3598 ejus
1028 3517 1164 3596 familia,
1280 3593 1284 3602 ¹

76 3615 193 3686 matre,
208 3607 300 3682 arbe,
315 3613 350 3671 ει
360 3607 402 3672 de
413 3607 590 3674 vocatione
600 3603 773 3671 Gentium.
790 3601 834 3668 de
848 3604 1007 3666 effusione
1022 3604 1163 3687 Spiritus

77 3694 201 3768 Sancti,
222 3693 265 3757 tle
280 3693 370 3768 urbis
386 3691 567 3758 Jerusalem
585 3689 725 3763 excidio,
748 3697 783 3752 et
798 3689 869 3751 aliis
885 3691 1075 3759 innumeris,
1091 3707 1163 3772 qurc

77 3787 237 3846 euoenon
253 3781 349 3843 nisit
365 3777 440 3842 Deo
455 3779 526 3860 ipso
543 3775 674 3859 predici
691 3781 882 3856 potnerunt.
929 3775 974 3836 Et
990 3775 1054 3839 boc
1065 3793 1164 3856 argu·

77 3871 190 3930 mento
206 3869 349 3930 utuntur
365 3865 529 3947 Origines,
551 3859 788 3936 Tertullianus,
811 3859 1017 3936 Lactantius,
1044 3867 1079 3924 et
1093 3857 1165 3924 An·

77 3955 238 4036 gurtinna

117 4037 196 4102 XV.
220 4036 275 4100 Ex
291 4034 341 4120 bis
357 4038 449 4118 patet
460 4035 560 4115 igitur
574 4031 633 4094 bos
645 4031 744 4093 libros
756 4050 826 4093 ειιε
842 4027 992 4106 divinos,
1038 4027 1165 4098 Verum

76 4123 140 4190 boc
154 4121 383 4196 confirmatur,
416 4121 443 4182 l.
468 4119 522 4182 Ex
538 4115 619 4181 mirt
641 4117 772 4179 illorum
797 4119 829 4178 in
852 4115 941 4178 bunc
957 4131 1063 4198 neque
1077 4115 1165 4182 diern

76 4211 339 4285 conservatione,
360 4207 564 4289 tingentibus
582 4203 729 4266 hostibus
746 4201 992 4284 potentissimis,
1018 4204 1075 4284 qui
1093 4202 1167 4266 illos

75 4295 207 4380 perdere
230 4294 424 4369 voluerunt,
446 4295 523 4358 eum
547 4295 599 4354 ιοι
621 4289 678 4353 alii
699 4287 772 4351 libri
790 4291 969 4372 perierunt.
1014 4285 1107 4352 Libri
1122 4286 1165 4374 de
