3000 5006
358 493 421 558 276
677 491 879 552 rusouoors
900 495 1123 550 cusrssrrus.
1241 479 1329 567 [nrt.
1353 481 1449 547 11111.

358 664 474 746 lupato
496 661 745 742 constringitur,
767 663 827 722 tut
848 657 936 741 quod
958 656 1079 721 dioitnr
1094 655 1195 718 litero
1217 655 1383 729 occidens,
1404 657 1449 716 sio

358 751 445 813 enim
458 752 609 821 uocatur,
620 745 754 828 quando
766 745 994 808 consideratur
1004 744 1136 805 seorsim
1148 744 1168 802 i
1180 740 1450 822 promissionibus

357 835 481 918 putto,
504 839 538 894 et
552 831 825 895 contradistioote
838 829 881 892 ad
897 830 1113 894 ministerium
1123 827 1365 926 evangelicum.

403 919 445 981 V.
471 918 549 980 Non
580 917 695 981 endem
725 925 775 980 est
805 919 890 978 rstr'o
916 917 998 996 lagia
1025 913 1269 977 commmatio
1297 929 1340 974 ao
1372 911 1452 992 legis

361 1007 526 1076 moolers
548 1021 622 1066 nam
650 1005 798 1086 quamvis
821 1003 903 1064 utile
929 1005 982 1075 sit,
1004 998 1200 1072 doctrinam,
1231 1017 1301 1079 quse
1327 997 1390 1058 sub
1415 999 1449 1058 iis

361 1091 564 1154 ceremoniis
587 1090 679 1165 lutet,
703 1082 865 1164 meditari,
898 1089 1088 1168 neutiquam
1114 1091 1224 1146 tamen
1244 1082 1360 1146 fideles
1383 1081 1449 1163 ejus

292 1202 294 1211 ,
361 1177 582 1239 observationi
599 1182 773 1250 tenestnr3
797 1171 931 1235 Christo
943 1175 1011 1254 jum
1035 1169 1197 1245 exhibito,
1219 1185 1285 1231 non
1301 1185 1391 1250 opus
1405 1175 1449 1230 ert

359 1261 557 1346 pmdngogm
579 1261 709 1323 subluto
719 1259 958 1342 per·Clrristurn
970 1261 1115 1339 gentiunt
1129 1255 1329 1328 discrimine,
1339 1253 1448 1316 nullus

358 1357 409 1410 est
426 1349 798 1430 parietisinisrgerirroe
814 1363 901 1420 usus,
925 1345 1012 1428 Epi.
1024 1346 1056 1406 ii.
1074 1345 1122 1406 14.
1142 1341 1252 1404 soluto
1261 1357 1325 1424 per
1337 1339 1447 1401 Chris·

358 1440 430 1495 rum
447 1432 570 1505 debito,
591 1431 849 1515 chirographum
870 1431 1017 1494 deletum
1039 1434 1109 1505 est;
1138 1428 1251 1510 liguris
1271 1425 1364 1489 loeas
1378 1441 1447 1488 non

358 1525 408 1580 est
423 1515 572 1580 adhibiti
587 1521 735 1580 veritate.

401 1603 461 1666 Vl.
485 1603 669 1684 Abrogstio
694 1603 793 1684 hujus
817 1603 897 1684 legis
918 1599 1076 1684 prodictu
1098 1599 1221 1674 luerat,
1239 1597 1297 1660 ubi
1322 1613 1446 1660 novum
1493 1619 1494 1674 l

359 1689 467 1752 imdus
487 1689 702 1772 promittitur,
724 1689 791 1752 ier.
808 1691 898 1750 xxxi.
916 1689 970 1762 ill,
985 1687 1037 1762 32,
1052 1689 1113 1750 ito.
1148 1677 1237 1748 Duo.
1253 1685 1298 1746 ix.
1314 1681 1369 1744 2¹1.
1395 1683 1445 1744 ubi

361 1774 501 1838 Messias
526 1773 648 1837 dicitnr
661 1773 768 1854 finan
782 1775 1000 1856 impositionis
1022 1772 1142 1836 bruce
1162 1776 1194 1833 et
1212 1767 1400 1848 sacrificio,
1419 1771 1448 1830 ei

356 1861 569 1946 prophetiam
593 1860 843 1943 obsignatum.
883 1860 935 1922 Ps.
952 1858 1050 1922 ozi.
1080 1859 1136 1919 uoi
1161 1873 1267 1920 novur
1295 1855 1447 1917 enoerdor

360 1947 562 2092 predicitur,
583 1963 660 2028 num
683 1946 780 2027 juxta
797 1945 947 2020 Paulum,
970 1949 1099 2006 mutato
1120 1941 1308 2004 sacerdotio
1331 1942 1446 2002 moturi

372 2049 415 2092 ex
439 2031 566 2106 debuit,
611 2031 696 2094 lieb.
721 2033 775 2092 vii.
797 2031 845 2105 12,
864 2034 911 2094 13.
957 2031 1086 2102 Quibus
1114 2027 1193 2092 addi
1221 2026 1346 2090 debent
1371 2025 1447 2088 loon

360 2114 428 2178 Jer.
445 2118 478 2176 iii
511 2115 559 2190 16,
580 2116 628 2177 17.
651 2116 693 2178 de
708 2115 889 2178 abolitione
903 2131 995 2179 arom
1005 2117 1164 2196 sortieris.

404 2199 483 2262 Vll.
507 2200 579 2262 Lex
601 2201 658 2262 illa
682 2199 836 2262 israelitis
858 2205 987 2264 tuntum
1001 2207 1074 2262 erat
1090 2201 1179 2276 leta;
1209 2197 1371 2280 abrogata
1388 2205 1446 2271 est,

359 2303 402 2348 ex
417 2301 485 2368 quo
501 2303 614 2348 omues
637 2285 753 2367 populi
768 2285 812 2346 ud
839 2280 950 2348 Deum
967 2301 1070 2348 unum
1087 2287 1236 2348 conversi
1253 2291 1351 2359 sunt;
1374 2283 1449 2345 bino

357 2370 501 2453 apostoli
515 2389 582 2434 non
598 2369 664 2433 ulis.
678 2370 837 2433 suoriltole
852 2373 872 2432 i
887 2372 981 2434 nobis
992 2373 1133 2453 exigunt
1147 2373 1242 2455 quim
1255 2369 1448 2454 spiritualia,
1493 2369 1494 2448 ξ

356 2455 456 2520 Rom.
481 2459 538 2519 xii.
559 2457 585 2519 1.
632 2455 710 2520 Non
740 2458 880 2540 amplius
910 2456 1151 2541 Hierosolymis
1179 2463 1231 2519 eet
1259 2453 1448 2518 adorandus
1493 2451 1494 2530 ξ

355 2557 455 2605 verna
472 2541 575 2618 Deus,
595 2542 724 2625 templo
739 2541 929 2618 destruot03
952 2543 1076 2624 ubique
1091 2543 1241 2606 locorum
1259 2541 1349 2604 Dens
1362 2539 1448 2601 ado·
1493 2533 1494 2578 l

354 2634 449 2691 retur
464 2631 498 2690 in
513 2630 631 2712 spiritu
646 2635 681 2690 et
695 2631 844 2692 veritatez
889 2629 1064 2698 Quomodo
1079 2629 1147 2692 lieri
1165 2632 1286 2712 posset,
1306 2633 1343 2688 nt
1359 2623 1450 2700 lndi,

355 2711 523 2794 Europaei,
548 2713 768 2794 Hyperborei,
789 2714 884 2776 dirisi
911 2715 992 2776 orbe
1017 2714 1179 2792 Britanni,
1201 2721 1236 2777 et
1257 2729 1368 2774 omnes
1383 2709 1448 2787 1111,

354 2799 413 2878 qui
441 2803 515 2879 post
540 2797 680 2860 dilatata
699 2799 856 2862 Eeolesiae
873 2803 1041 2882 pornoerin,
1063 2819 1098 2864 se
1121 2799 1231 2863 Deum
1254 2813 1370 2862 rernm
1389 2813 1449 2878 ag·

215 2933 218 2940 .
354 2898 492 2946 noscere
510 2881 716 2966 profiteatur,
731 2903 767 2946 ss
779 2885 968 2948 eouierrent
983 2893 1034 2948 ter
1051 2883 1449 2969 Hierosolymassingnlis

354 2970 450 3030 anuis
465 2967 507 3030 ni
519 2971 619 3043 rests,
642 2976 675 3032 et
690 2967 770 3033 ilino
784 2977 1020 3047 commearent,
1042 2972 1170 3053 quoties
1181 2977 1323 3054 peceato
1338 2971 1453 3052 aliquo

353 3055 409 3116 vel
432 3057 624 3137 impuritate
650 3057 763 3139 ulique
789 3057 904 3122 induri
931 3060 1149 3138 contingeret.
1194 3057 1275 3124 Qum
1302 3055 1394 3132 urbs,
1417 3063 1450 3116 er

356 3157 427 3222 qum
454 3144 545 3222 regio
561 3157 668 3224 oepax
693 3159 763 3205 esse
778 3151 888 3226 posset
914 3145 978 3206 illis
997 3141 1226 3225 excipiendis?
1266 3141 1372 3206 Unde
1400 3145 1451 3202 tot

246 3233 254 3240 '
353 3223 521 3290 viotimrei
565 3229 647 3295 Qum
661 3229 781 3290 altaria
803 3235 928 3310 protot
945 3225 1111 3291 victimis?
1143 3231 1197 3310 qni
1214 3225 1450 3291 eanulssderi·

353 3311 464 3374 vando
480 3309 656 3394 sanguini?
679 3312 768 3375 unde
783 3321 877 3376 tnntn
893 3313 1007 3386 thuris,
1030 3315 1106 3391 olei,
1120 3313 1197 3376 salis
1212 3309 1336 3396 eopia?
1382 3313 1451 3398 lpsi

354 3395 462 3461 iudei
480 3401 844 3480 sanioressgnorerunr
861 3400 924 3463 hou
936 3401 1004 3463 beri
1021 3419 1086 3463 non
1104 3417 1210 3483 posse,
1225 3415 1266 3462 ao
1278 3398 1454 3472 dixerunt,

354 3480 383 3546 1.
402 3482 621 3546 ceremonias
632 3485 802 3566 plerasque
814 3503 880 3547 non
891 3486 992 3549 luisse
1003 3485 1045 3549 de
1058 3489 1163 3570 primu
1174 3487 1238 3549 Dei
1250 3485 1452 3547 intentione.

352 3567 384 3632 2.
409 3568 524 3631 Fuisse
540 3584 647 3632 rerum
669 3571 888 3652 spiritualium
908 3571 1027 3654 ligurus
1043 3581 1077 3634 et
1092 3575 1248 3656 picturus.
1293 3569 1324 3635 θ.
1350 3569 1453 3633 Tem·

352 3673 433 3738 pore
462 3651 589 3718 Mesriae
604 3655 664 3718 sibi
682 3658 876 3736 permissum
901 3657 972 3721 lore
992 3674 1084 3720 esum
1108 3661 1211 3740 porci,
1230 3657 1392 3720 suffocati
1420 3661 1453 3717 et

350 3739 477 3803 laniati.
520 3739 552 3806 4.
576 3739 675 3802 Festa
691 3743 803 3803 omnia
822 3749 991 3805 cessatura
1007 3746 1155 3826 exeeptis
1172 3743 1283 3806 Purim
1299 3749 1336 3804 et
1356 3741 1453 3804 Hak-

350 3825 582 3974 k'ipmilm'd'&
606 3825 774 3890 Sooriboln
797 3831 910 3891 omnia
930 3829 1091 3892 obolitum
1107 3831 1158 3904 iri,
1180 3834 1299 3912 preter
1324 3826 1452 3890 sacris-

352 3929 440 3974 orum
470 3929 513 3974 au
538 3929 576 3980 rs.
673 3919 681 3930 '

395 3997 494 4061 Vlll.
519 3997 573 4061 De
583 3999 659 4082 jure
672 3998 833 4080 abrogata
848 4005 898 4063 est
914 4000 968 4063 lex
983 3997 1219 4063 ceremonialis
1234 4015 1294 4081 per
1318 3997 1452 4060 Christi

350 4090 502 4159 mortem,
518 4087 619 4166 quiin
636 4103 737 4148 cruce
747 4084 918 4170 discerpsit
934 4085 1193 4169 eiimgropium
1206 4085 1301 4147 nobis
1312 4091 1450 4146 oonrro·

349 4169 449 4243 rium,
471 4169 528 4232 sed
545 4171 587 4234 ds
602 4171 702 4247 lueto,
718 4175 912 4244 successive,
927 4183 961 4234 et
977 4187 1034 4254 per
1049 4172 1171 4253 gradus
1186 4171 1350 4252 abrogata
1364 4183 1430 4231 est.
1493 4189 1494 4194 ¹

389 4251 508 4314 Statim
525 4261 600 4335 post
616 4257 739 4318 Christi
756 4256 981 4320 moestiorem
997 4277 1063 4320 uon
1079 4256 1336 4337 suntabrogntm
1348 4271 1451 4318 omre·
1493 4271 1494 4288 ¹

348 4337 485 4410 monim
521 4339 608 4401 uude
624 4341 775 4422 Apostoli
792 4361 847 4404 eas
862 4344 1091 4417 observarunt,
1114 4345 1233 4424 partim
1256 4347 1294 4403 nt
1308 4341 1329 4403 J
1336 4339 1456 4401 odiens

341 4423 560 4502 lucrarentur,
592 4429 711 4508 purtim
741 4432 777 4490 ut
806 4445 1011 4511 synagogem
1040 4427 1221 4494 honorifice
1250 4426 1451 4510 sepelirent.
