2994 4996
76 493 227 582 Cape]
409 512 457 562 nn
478 511 549 562 nno
573 511 645 561 uuo
667 513 712 563 nr
733 514 851 566 rmuo.
1129 502 1172 564 re

75 686 250 748 possumus
281 687 331 731 res
358 669 544 752 concipere,
568 679 667 752 prout
694 678 772 734 sunt
796 675 827 734 in
857 669 943 734 Ente
968 669 1108 744 infinito,
1131 675 1167 736 et

75 753 169 816 Dens
185 757 205 816 ri
222 755 314 815 nobis
331 759 527 838 concipitur.
553 757 650 818 modo
668 767 703 818 ut
723 757 839 820 Hector
850 756 977 828 muudi,
999 771 1032 820 et
1043 759 1168 820 arbiter

74 849 270 912 eventuum,
294 841 391 903 modo
409 855 441 900 ut
458 859 604 904 remmus
621 841 811 924 legistam
821 863 835 916 ;
861 843 936 905 irinc
951 841 986 904 tit
1005 849 1041 904 ut
1055 843 1166 905 multi·

72 925 195 1006 pticern
214 923 416 988 voluntatem
436 927 508 988 Deo
529 931 672 1008 assignet
695 931 875 1010 Scriptura,
900 947 958 1008 pro
974 930 1167 993 diversitate

75 1011 297 1091 obJectorum
320 1013 459 1075 ulterm
475 1011 541 1094 qut
559 1012 649 1074 Dens
667 1012 827 1087 decernit,
849 1013 928 1095 quid
953 1014 1032 1076 velit
1054 1015 1166 1078 iecere

72 1105 130 1158 ent
156 1099 348 1178 permittere
376 1113 410 1158 ut
437 1097 511 1172 fiat„
526 1109 668 1160 atteram
689 1117 754 1180 quo
777 1099 956 1181 praescribit
972 1098 1166 1162 hominibus

74 1179 241 1243 officium:
275 1187 380 1264 prime
404 1185 535 1264 respicit
559 1203 665 1246 rerum
690 1189 919 1247 toleratorum
942 1195 976 1246 et
992 1193 1166 1263 eventum,

75 1265 222 1329 secunde
236 1277 285 1329 est
299 1287 413 1330 norrun
430 1269 599 1331 actionum
613 1281 808 1342 metrorum,
831 1271 888 1332 illc
904 1289 1032 1351 <emper
1052 1271 1167 1354 imple·

73 1355 137 1422 tur,
160 1367 195 1412 et
210 1353 257 1414 illi
276 1355 378 1414 resisti
396 1357 519 1436 nequit.
568 1353 663 1415 Rom.
677 1357 710 1417 ix
738 1356 783 1416 19.
815 1355 990 1418 Voluntati
1000 1359 1072 1438 ejece
1086 1361 1166 1438 pute

75 1435 234 1500 obstitit?
278 1439 346 1500 lste
361 1442 444 1520 saepe
460 1439 602 1500 violetur
617 1441 659 1501 eb
675 1440 869 1510 homiuibus.
912 1441 1028 1504 Prima
1041 1441 1166 1505 dieitur

72 1523 231 1586 naturam
252 1523 427 1586 decernere
441 1533 501 1586 out
523 1527 654 1594 decreti,
677 1531 755 1608 qnia
769 1529 918 1589 decermt
933 1539 1082 1600 eventus,
1104 1533 1167 1591 aut

73 1610 231 1672 munior
246 1627 390 1684 arcana,
412 1615 488 1692 quin
510 1619 547 1670 ut
564 1613 739 1692 plurimum
760 1631 821 1673 nos
839 1613 929 1681 tutet,
950 1631 1018 1674 non
1034 1631 1164 1696 semper

74 1699 210 1766 tamem
244 1713 310 1756 non
335 1699 408 1758 rard
430 1697 515 1757 enim
543 1697 635 1758 Deus
659 1715 777 1760 arcano
803 1699 950 1778 quaedem
968 1699 1095 1760 consilii
1111 1700 1164 1761 sui

76 1777 265 1842 horninibus
291 1782 461 1862 patefecit,
483 1789 542 1842 nut
557 1783 716 1846 voluutas
742 1783 858 1854 titonia,
881 1783 1091 1864 beneplaciti,
1114 1803 1164 1845 se·

76 1865 220 1926 cundum
238 1883 335 1947 quam
356 1865 478 1936 Paulus
498 1864 580 1928 dicit
601 1867 709 1930 Deum
727 1887 787 1928 nos
802 1867 1048 1948 predesttoesse
1074 1867 1162 1950 Eph.

75 1951 93 2010 i.
109 1951 138 2011 5.
186 1954 341 2013 decuriae
357 1951 546 2033 appellatur
562 1953 717 2016 uoluntas
730 1955 904 2035 praecepti,
927 1953 1003 2032 quie
1016 1955 1165 2036 praecipit
1224 1968 1226 1976 ’

75 2033 197 2098 hominr
209 2035 352 2098 officinm
364 2055 471 2110 suum,
487 2045 545 2100 aut
562 2037 719 2100 voluutas
730 2041 888 2114 revetata,
904 2039 982 2120 quia
999 2039 1165 2100 reveletur

71 2122 103 2182 in
121 2122 195 2202 lege
212 2129 245 2182 et
261 2124 445 2204 evangelio,
466 2131 525 2183 eut
539 2125 694 2185 uo‘uutae
713 2125 843 2203 hugota
862 2123 1118 2206 approbationis
1132 2129 1165 2186 et

73 2207 335 2288 complacentia,
359 2212 434 2288 quie
450 2206 592 2270 declaret
612 2208 692 2290 quid
712 2209 784 2270 Deo
806 2222 936 2288 gratum
960 2210 1012 2283 sit,
1034 2207 1164 2292 etquid

71 2293 247 2376 approbet,
269 2301 327 2354 aut
353 2295 508 2357 noluntas
528 2296 635 2374 rigni,
668 2313 733 2355 non
760 2295 851 2378 qnod
878 2293 1051 2374 significet,
1082 2293 1161 2376 quid

73 2375 166 2440 Deus
183 2379 291 2440 iecere
307 2379 396 2442 circa
413 2381 589 2453 hominem,
612 2379 664 2440 rel
680 2377 721 2440 de
739 2379 871 2442 homine
886 2379 976 2454 velit,
998 2378 1054 2442 sed
1070 2379 1164 2462 quod

69 2463 235 2544 significet
252 2463 386 2535 homini,
409 2463 484 2546 qnid
502 2461 720 2546 Deogratum
738 2469 795 2538 sit3
817 2473 850 2526 et
866 2465 908 2526 de
923 2482 962 2525 ea
977 2465 1061 2526 dixit
1080 2465 1166 2528 Peu·
1192 2513 1196 2522 .

72 2547 120 2610 ins
147 2549 294 2612 lThess.
310 2551 354 2612 ir.
371 2551 402 2612 8.
436 2549 522 2612 Haec
543 2552 593 2612 eet
614 2551 768 2612 voluntas
784 2547 861 2624 Dei,
882 2567 996 2630 nempe
1010 2548 1162 2630 randifi-
1228 2617 1232 2630 ,

70 2639 164 2697 catio
180 2640 307 2700 vestra.

112 2717 174 2784 1v.
195 2719 449 2783 Observandum
462 2719 652 2784 condixisse
664 2723 833 2786 uaturrtole
845 2723 1034 2784 decernente
1051 2719 1161 2785 Deum

72 2807 237 2882 statuisse,
259 2805 339 2890 quid
358 2806 435 2869 velit
450 2809 571 2888 jacere
587 2807 637 2868 vel
655 2809 853 2889 permittere.
898 2806 1056 2875 Quendam
1073 2811 1162 2869 enim

72 2899 160 2966 sunt,
182 2911 259 2975 quoe
278 2891 367 2955 Deus
385 2893 492 2954 iecere
509 2893 589 2966 ruit,
611 2903 644 2954 et
660 2913 733 2975 quae
758 2895 868 2956 rererd
890 2901 967 2954 eunt
985 2893 1081 2968 bona,
1104 2891 1164 2956 sed

71 2977 246 3051 sursunt,
269 2997 340 3060 quae
364 2997 425 3042 nec
448 2979 539 3048 iacit,
562 2997 623 3040 nec
646 2979 754 3038 iecere
777 2983 896 3059 potest,
920 2986 1036 3058 utpote
1064 2977 1163 3052 mele,

71 3081 144 3144 quie
161 3071 274 3125 temen
291 3065 451 3145 permittit
466 3063 604 3136 attinnt,
620 3070 654 3123 et
668 3081 740 3144 qure
753 3061 988 3144 posteedirigrt
999 3063 1038 3122 cd
1059 3061 1163 3123 bonos

72 3149 174 3225 linee3
207 3167 356 3232 penem,
380 3169 410 3210 r.
422 3167 454 3228 g.
480 3147 628 3208 homines
651 3147 821 3228 permittit,
843 3155 878 3206 et
901 3148 1027 3227 peccati
1044 3153 1163 3208 auctor

71 3251 136 3296 non
154 3245 217 3308 est,
240 3237 306 3297 imo
320 3233 521 3296 severissime
537 3233 699 3314 prohibet.
750 3229 912 3296 Voluntas
927 3239 1025 3292 etiem
1039 3234 1162 3311 proci-

66 3339 169 3400 prens
183 3319 356 3383 eircoduo
376 3319 679 3401 objectaversotun
700 3317 766 3380 clia
787 3331 880 3393 cona,
902 3317 967 3379 elin
981 3319 1083 3394 mult,
1105 3317 1163 3384 iiltt

70 3409 231 3490 prreoipit,
255 3405 324 3468 hec
340 3405 503 3489 prohibet.
1140 3449 1142 3455 -

113 3489 158 3554 V.
182 3491 243 3554 He
259 3491 333 3553 duoe
349 3491 548 3566 voluntates,
570 3489 718 3573 quemvis
734 3487 869 3552 dirersae
891 3489 1028 3553 duobis
1049 3493 1160 3553 conci·

72 3579 217 3658 piantur,
234 3579 368 3640 minime
383 3586 492 3640 temen
509 3583 583 3639 sunt
599 3578 784 3650 contrarie,
801 3595 867 3637 non
884 3581 970 3638 enim
988 3585 1163 3638 versentur

71 3664 161 3726 circa
176 3661 263 3726 idem
280 3664 458 3744 objectum.
503 3662 589 3724 Sane
604 3665 630 3723 si
648 3663 742 3724 Deus
758 3665 787 3723 ri
804 3661 927 3724 decreti
945 3663 993 3723 sui
1013 3663 1162 3724 hominen

71 3749 257 3830 impelleret
272 3748 315 3810 nd
331 3767 371 3811 ea
391 3747 554 3823 iaciendo,
576 3766 649 3830 quoe
674 3747 747 3828 lege
769 3766 827 3808 sun
852 3748 1032 3830 prohibuit,
1053 3755 1113 3808 out
1136 3747 1163 3810 si

71 3833 271 3896 decrevisset
285 3833 354 3896 fieri
370 3832 495 3916 aliquid
510 3835 552 3896 eb
569 3833 767 3904 hominibus,
783 3831 867 3914 quod
884 3833 951 3894 fieri
967 3841 1079 3913 postea
1094 3851 1163 3894 non

70 3920 171 3982 vellet
199 3922 280 4002 poti,
311 3919 410 3982 vellet
426 3921 628 4001 pugnantia:
660 3921 773 3980 verrim
792 3929 836 3978 rte
851 3938 886 3978 se
902 3935 1032 3980 resnou
1051 3917 1163 3994 habet,

68 4011 103 4068 et
119 4007 184 4070 troc
201 4003 328 4088 patebit
342 4005 511 4088 exemplo:
538 4005 628 4086 Deus
643 4001 834 4065 decreverat
851 4001 1076 4065 Abrohomum
1093 4021 1161 4065 non

69 4091 322 4154 immolatorum
338 4089 452 4164 fllium,
474 4095 633 4153 ettamen
649 4089 819 4150 immolare
831 4087 944 4167 jubet3
965 4088 1036 4150 irruo
1052 4089 1163 4151 riden-

69 4183 128 4240 tnr
141 4181 320 4249 contrarie,
335 4173 391 4238 sed
404 4195 471 4238 non
487 4183 581 4238 sunt:
603 4191 679 4237 nam
692 4171 778 4236 idem
791 4172 883 4234 Deus
898 4175 954 4256 qui
971 4173 1165 4238 decreverat

70 4261 301 4326 Abrehemnm
329 4281 395 4323 nou
424 4261 669 4324 immolaturum
696 4259 811 4334 filium,
842 4259 1033 4323 decreverat
1062 4263 1162 4324 etiem

71 4349 267 4412 tormento
293 4349 481 4431 precipere,
513 4347 552 4412 ut
574 4346 772 4424 inmolaret,
798 4345 994 4429 etquidem
1019 4363 1097 4409 enm
1126 4345 1162 4406 in
