2994 4996
387 455 450 524 itt
702 463 904 520 susannem
926 465 1146 520 cumminas.
1310 449 1396 542 [lsi.
1414 451 1454 518 V.

381 629 515 714 quando
536 645 612 692 enm
632 627 718 701 odio,
735 644 835 709 quum
851 623 965 688 rident
979 624 1187 706 evangelium
1201 641 1271 688 esse
1287 641 1400 688 eorum
1412 625 1456 688 si·

381 717 523 779 sentibus
538 713 724 788 adversum,
747 712 834 773 unde
857 729 923 774 non
940 716 1014 774 rard
1034 711 1081 785 fit,
1103 719 1140 773 ut
1155 709 1238 772 iilud
1252 713 1456 786 insectentur,

378 807 413 863 et
434 805 628 884 oppugnent
648 817 716 873 eos,
738 800 793 880 qui
814 797 975 877 evangelii
992 799 1162 858 veritatem
1178 795 1384 858 detendunt:
1412 799 1455 858 ita

382 886 547 961 anrismi,
570 883 724 966 quibust
741 883 874 944 Christo
899 884 1093 964 impingitur
1121 887 1291 963 peecatum
1310 883 1344 942 in
1365 881 1455 964 Spiri-

380 980 452 1034 tum
469 971 641 1044 Sanctum,
657 970 748 1030 ferali
772 967 849 1029 odio
872 967 1056 1030 doctrinam
1082 965 1204 1028 Christi
1225 967 1454 1048 persequeban-

380 1063 454 1132 tur;
484 1063 518 1120 et
541 1073 660 1118 nomen
682 1054 903 1137 blasphemiis,
931 1071 996 1134 quo
1012 1053 1175 1130 designari
1191 1053 1273 1116 solet
1290 1059 1454 1134 peecatum

378 1141 478 1216 istud,
495 1143 558 1204 boo
571 1142 754 1203 necessario
763 1139 873 1212 iuiert,
889 1147 926 1200 ut
937 1145 971 1199 et
982 1155 1047 1201 vox
1062 1139 1151 1218 tepus
1165 1139 1382 1213 oontameliae,
1396 1135 1454 1218 qut

379 1226 460 1290 dicit
478 1226 603 1290 Paulus
617 1245 676 1287 eos
689 1224 819 1288 affluere
834 1224 992 1305 Spiritum
1009 1225 1179 1286 Sanctum.
1217 1225 1247 1285 7.
1266 1223 1333 1302 Eos
1348 1225 1454 1304 quiite

377 1319 529 1396 pennam,
552 1316 585 1374 in
611 1312 675 1374 boo
698 1311 820 1373 scelere
837 1327 1044 1390 perseverare
1059 1315 1093 1371 et
1115 1308 1290 1382 obfirmari,
1315 1309 1400 1372 unde
1413 1310 1453 1370 nit

380 1397 513 1471 Paulus,
538 1397 623 1461 Heb.
639 1398 683 1461 si.
698 1398 729 1459 6.
752 1395 956 1478 impossibile
970 1413 1039 1458 eree
1053 1397 1091 1457 ut
1110 1397 1308 1458 renouentur
1322 1395 1371 1458 ed
1388 1413 1453 1476 poe·

244 1539 246 1546 ,
380 1485 565 1548 nitentium.

424 1569 466 1631 V.
491 1569 580 1631 Hine
595 1571 687 1650 petet
702 1572 877 1648 peooatnm
892 1567 926 1628 in
951 1563 1107 1648 Spiritum
1124 1565 1281 1628 Senatum
1298 1585 1369 1628 esee
1387 1584 1454 1648 pro·

378 1658 449 1736 prid
470 1655 678 1717 malitiosam
697 1653 903 1734 rejectionem
911 1659 942 1713 et
964 1651 1214 1734 abnegationem
1228 1653 1361 1714 totalem
1375 1653 1454 1714 veri·

378 1743 462 1804 tatie
476 1739 696 1823 Euangeliooe
706 1739 861 1819 cognita,
878 1755 952 1799 oum
963 1738 1134 1818 pertinaci
1143 1737 1257 1799 odsbet
1266 1740 1453 1818 conternata,

378 1829 444 1888 imo
458 1845 524 1888 non
538 1841 616 1886 roro
637 1842 712 1885 eam
732 1823 959 1903 perseeutione
980 1825 1199 1904 conjunctam,
1221 1822 1318 1904 idque
1335 1841 1401 1885 non
1413 1821 1456 1884 ad

378 1915 506 1994 tempus
519 1912 578 1974 sed
591 1913 628 1972 in
641 1913 853 1990 perpetuam,
865 1925 968 1990 usqae
981 1904 1141 1986 adfinem
1154 1907 1247 1970 vitea.

420 1996 482 2058 Vl.
506 1995 571 2057 Sed
588 1997 684 2055 varia
701 1991 755 2056 blo
770 1993 966 2076 questiones
983 1999 1167 2056 morentur.

420 2081 544 2154 Prima,
568 2078 745 2146 Quomodo
771 2079 840 2140 fieri
867 2084 986 2158 potest,
1009 2084 1047 2141 ut
1073 2077 1186 2154 bomo,
1207 2079 1262 2161 qui
1287 2078 1455 2160 cognoscit

376 2167 549 2227 veritatem
565 2171 599 2226 et
614 2165 794 2226 bonitatem
811 2163 984 2244 evangelii,
1005 2161 1088 2225 illud
1104 2171 1214 2226 tamen
1230 2170 1346 2246 postea
1360 2164 1454 2226 abne·

374 2256 441 2333 get,
458 2255 661 2324 contemnat,
676 2246 754 2310 odio
771 2247 901 2320 babent,
917 2255 951 2311 et
966 2245 1204 2331 persequetur?
1249 2247 1453 2336 Respondeo,

375 2335 410 2398 id
427 2337 543 2398 mirum
560 2335 663 2396 videri
679 2351 746 2395 non
762 2332 892 2408 debere,
907 2335 983 2417 quia
992 2336 1044 2398 isti
1061 2334 1260 2416 temporarii,
1277 2337 1334 2416 qni
1350 2337 1383 2398 in
1395 2333 1453 2398 boo

353 2421 550 2505 'peceatum
579 2418 751 2495 insidunt,
773 2419 1018 2502 ampleotuntur
1043 2419 1262 2501 evangelium,
1295 2439 1364 2483 non
1389 2425 1452 2483 tarn
1487 2483 1488 2489 ,

375 2508 435 2570 sub
452 2509 579 2569 ratione
594 2506 672 2568 boni
689 2505 829 2581 bonesti,
851 2509 1000 2587 quimus
1016 2504 1353 2584 bonurnjuoundum,
1370 2504 1452 2590 qnod
1486 2559 1487 2583 ,

374 2593 428 2655 set
454 2594 611 2666 novitate,
633 2591 688 2654 vel
712 2591 886 2666 suavitate,
907 2591 961 2654 rel
986 2589 1177 2673 dogmatum
1204 2591 1379 2672 majestate
1400 2609 1454 2656 eor
1485 2653 1486 2679 ,

373 2677 489 2750 allicit,
505 2684 564 2738 aut
579 2677 689 2759 potiris
704 2683 743 2738 ut
755 2676 877 2738 bouum
888 2675 979 2752 utile,
996 2675 1084 2758 quod
1098 2676 1309 2740 memorabile
1320 2675 1453 2762 aliquod
1484 2727 1485 2775 p

373 2761 585 2823 oonrmodnm
602 2763 764 2842 potentiis
779 2761 940 2834 oonierre,
964 2761 1051 2824 unde
1067 2767 1158 2844 patet
1173 2781 1228 2824 eos
1244 2765 1349 2844 magis
1364 2781 1452 2826 enam

373 2865 517 2928 quarere
533 2846 709 2909 utilitatem
725 2849 823 2928 quim
839 2847 1047 2927 evangelium
1071 2863 1191 2910 amare.
1237 2848 1315 2910 Non
1333 2855 1384 2912 est
1398 2851 1453 2910 ita·

373 2953 436 3014 que
461 2929 657 3006 mirandum,
680 2933 705 2993 si
725 2931 877 2996 deserant
897 2933 963 2995 tale
983 2933 1202 3014 evangelium,
1224 2953 1326 3016 quum
1345 2933 1454 2996 vident
1482 2903 1483 2965 l

371 3037 407 3081 se
423 3036 489 3079 non
506 3037 600 3100 posse
615 3019 798 3092 veritatem,
820 3035 915 3100 quam
931 3017 1041 3094 docet,
1063 3018 1218 3101 profiteri,
1240 3021 1301 3082 nisi
1317 3020 1453 3084 allectus
1481 2995 1482 3060 l

371 3102 567 3178 ootroendo,
590 3105 656 3164 suis
673 3103 899 3186 voluptatibus
914 3106 1066 3166 nuntium
1082 3103 1234 3180 dicendo,
1255 3123 1327 3168 sese
1350 3125 1454 3188 perse·
1478 3083 1481 3156 l

371 3189 560 3252 nationibus
576 3187 774 3269 objiciendo,
796 3189 901 3252 muita
923 3190 1010 3252 mala
1029 3189 1254 3272 perpetiendo,
1277 3189 1453 3272 dignitates

371 3291 447 3336 ruas
462 3273 658 3346 abdicando,
680 3293 760 3356 opes
774 3274 996 3358 relinquendo,
1019 3275 1117 3338 variis
1131 3275 1316 3358 opprobriis
1330 3295 1367 3340 re
1382 3275 1454 3339 snb·

369 3359 525 3440 jicienda.
552 3358 748 3439 Agnoscunt
759 3360 845 3421 euim
858 3361 1049 3442 gravissime
1060 3359 1216 3443 deeeptus
1225 3355 1337 3438 resse,
1354 3381 1455 3444 quum
1477 3357 1478 3441 i

370 3443 1298 3596 siniit²tii²tii¹‘zsi‘³itit¹ti:²,itt
1324 3451 1477 3598 ”usti

367 3619 445 3678 oum
462 3615 647 3696 persecutio
668 3574 802 3694 ingruit:
823 3615 870 3677 illi
886 3551 941 3697 qui
964 3617 1046 3678 nibil
1061 3551 1183 3698 priusI:e
1208 3617 1214 3632 '
1242 3617 1265 3680 il
1285 3621 1453 3702 antiquius

367 3700 502 3776 babent,
518 3702 617 3782 qnlur
629 3700 811 3762 commodis
828 3701 923 3781 hujus
935 3701 1010 3764 vitm
1022 3703 1126 3776 litare,
1142 3703 1183 3766 de
1238 3705 1318 3766 turis
1334 3709 1453 3786 parum

364 3785 508 3860 solliciti,
523 3785 708 3848 voluntarie
723 3785 878 3848 deserunt
895 3786 1074 3862 Christum,
1089 3788 1187 3870 idque
1201 3807 1276 3851 uum
1291 3788 1408 3854 lurore
1421 3795 1453 3852 et

365 3870 616 3953 indignabundi,
638 3869 728 3952 qudd
744 3877 856 3953 parum
874 3873 1027 3946 abluerit,
1049 3875 1125 3957 quin
1142 3893 1201 3956 pro
1220 3873 1357 3938 Christo
1372 3877 1451 3938 ami·

365 3960 467 4020 serint
481 3975 573 4018 suam
586 3957 741 4036 quietem,
756 3959 921 4032 sunbona,
938 3979 1013 4020 suos
1027 3960 1176 4034 bonores,
1192 3978 1284 4022 suam
1296 3959 1452 4040 gloriam,

365 4060 460 4105 suum
477 4061 638 4104 summurn
656 4041 790 4116 bonum,
807 4053 839 4104 et
853 4044 920 4106 alis
934 4063 1007 4126 quse
1023 4047 1161 4126 primum
1173 4047 1207 4108 in
1218 4063 1335 4108 eorum
1349 4044 1457 4110 eorde¹

365 4135 531 4206 aucupant
556 4128 676 4190 locum.
721 4126 854 4191 Rursus
880 4127 1060 4192 notandum
1087 4149 1153 4192 non
1180 4149 1247 4192 uno
1277 4137 1453 4194 momento

363 4208 433 4272 brec
447 4211 528 4360 βεὸιῑ,
543 4213 600 4359 eqd
611 4215 730 4280 sensim
746 4219 780 4276 et
795 4213 1006 4295 pedetentim.
1044 4215 1077 4280 N
1080 4233 1154 4280 emo
1164 4218 1252 4282 enim
1264 4213 1301 4280 tit
1312 4221 1455 4300 repente

366 4313 477 4358 omnin
514 4311 628 4358 maus.
