3032 4998
101 411 258 506 cana]
466 431 514 484 na
536 431 752 486 sxrmnurrr
775 437 847 490 nar.
1178 421 1200 494 t

99 593 290 675 corruptio,
318 607 436 654 eorum
463 589 610 656 lubricus
637 592 747 676 lapsus
773 595 805 656 in
833 593 896 658 Dei
919 587 1132 676 oblivionem,
1149 599 1199 662 'in

99 679 677 843 ttttttlltt‘tlatt⁰¹lttt
690 681 732 828 ,t
746 679 1200 850 tilltlltttttttut‘

101 849 196 912 Hinc
211 853 237 912 si
255 849 401 924 luerunt,
434 849 489 932 qni
508 869 610 912 unum
628 849 738 914 Deum
759 853 907 916 colerent
921 857 1007 918 inter
1023 854 1198 933 Etbnicos,

100 934 205 1016 longe
222 935 342 1018 piures,
372 938 428 1018 qui
445 939 635 998 innumeros
661 933 848 1000 adorabant
868 938 958 1014 deos,
990 941 1196 1017 extiterunt3

100 1039 221 1082 omnes
235 1025 358 1104 qnippe
374 1031 554 1097 creaturae,
573 1025 756 1104 signamine
771 1027 879 1106 campi
893 1024 938 1088 ad
954 1045 1107 1110 suprema
1122 1027 1197 1092 coli

100 1105 213 1169 sidera
228 1107 482 1185 venerabantur,
505 1127 547 1171 ne
558 1109 708 1182 canibus,
724 1110 819 1190 lupis,
838 1117 871 1172 et
886 1111 1062 1174 crocodilis
1074 1133 1194 1196 excep·

100 1193 156 1254 tis.
203 1191 275 1256 lmo
290 1195 475 1275 mpissime,
492 1195 592 1256 nescii
608 1201 713 1270 erent,
729 1197 783 1256 cni
800 1197 926 1258 numini
940 1197 1085 1272 litarent,
1108 1199 1196 1261 unde

100 1277 239 1340 solenne
254 1279 335 1340 iliud
362 1279 395 1340 in
415 1279 682 1342 invocationibus
705 1279 918 1362 usurpabant.
965 1281 1128 1364 Quisquis
1141 1303 1196 1360 ως

100 1365 184 1426 etin
203 1362 372 1444 Capitolio
393 1363 532 1448 clypeus
553 1373 766 1426 consecratus
786 1367 849 1427 l'nit
871 1385 947 1428 curn
971 1369 1034 1431 bac
1056 1371 1195 1450 inscrip-

101 1449 204 1526 tione,
227 1449 334 1512 Gcnio
347 1448 440 1512 urbia
460 1447 669 1526 Rornae,sice
682 1469 767 1526 rnna,
782 1451 1018 1532 eivcsaemina.
1064 1453 1196 1518 Eximit

103 1531 242 1598 Vossius
264 1536 306 1596 de
327 1533 444 1596 ldolol.
468 1555 499 1599 c.
522 1539 564 1598 iv.
594 1535 649 1598 lib.
680 1537 705 1597 l.
728 1535 815 1598 idem
842 1541 1019 1618 contigisse
1040 1539 1192 1602 observat

103 1619 305 1696 Gentilibus,
328 1639 367 1683 ac
384 1639 471 1684 caco
484 1621 530 1683 illi
549 1619 638 1704 apud
655 1621 777 1684 luban.
794 1641 823 1684 c.
842 1624 885 1684 ix.
909 1621 980 1686 Hic
993 1623 1081 1688 caim
1095 1644 1202 1707 qaum·

102 1705 229 1770 videret
244 1705 369 1770 Filium
378 1704 454 1770 Det.
476 1709 498 1768 d
513 1725 574 1788 prro
595 1707 704 1769 oderem
719 1712 904 1787 acceperut,
918 1711 1056 1790 rogavit
1076 1710 1194 1774 nihilo·

101 1793 213 1854 minus
232 1793 309 1874 prrr'e
322 1795 408 1854 esset
422 1789 532 1856 Filius
553 1790 628 1854 Dei.
686 1791 812 1872 Nempe
833 1795 923 1874 mein,
945 1813 1037 1875 prtem
1055 1797 1193 1871 videret,

102 1878 244 1940 nesciret
267 1895 341 1941 eum
365 1895 435 1940 esee
461 1877 716 1960 qnernvideret:
753 1881 791 1940 ut
815 1880 849 1940 ei
869 1898 979 1960 regem
1003 1898 1130 1952 cernae,
1162 1885 1195 1944 et

100 1981 212 2046 regem
236 1979 308 2026 esee
320 1963 477 2026 menae:
510 1963 669 2026 annuta-
683 1964 834 2026 Gentiles
847 1965 955 2046 propl
976 1983 1085 2028 ornnes
1109 1983 1193 2042 eum,

7 2074 13 2106 r
99 2049 159 2132 pul
172 2049 285 2112 videri
298 2049 420 2132 nequit,
442 2050 588 2130 inopere
618 2051 792 2112 elucentem
811 2051 976 2124 uiderunt,
998 2056 1030 2114 et
1051 2051 1193 2116 clnmoeu

98 2135 234 2198 annea
261 2135 396 2200 amare
422 2135 583 2196 dicentem
611 2153 682 2198 esse
710 2153 745 2198 ee
772 2131 933 2216 Opificem
958 2141 990 2198 et
1023 2133 1104 2200 Rect
1123 2157 1192 2199 rem

25 2241 29 2252 ·
97 2219 260 2290 maeret.
282 2221 438 2302 oolipuad
449 2220 541 2284 mdis
550 2221 636 2284 neue
648 2240 691 2282 nc
704 2221 838 2293 cladem
859 2222 975 2286 esdod
986 2225 1194 2304 conspectum

97 2306 210 2368 oculos
223 2305 382 2376 eumne,
405 2306 452 2369 ad
465 2325 575 2370 vocum
599 2306 795 2370 obturarunt
816 2325 927 2376 aum,
949 2327 991 2369 oc
1009 2309 1106 2390 quoa
1123 2307 1194 2372 auo

6 2447 7 2458 ,
94 2393 210 2472 pressi
225 2409 352 2474 sopora
371 2393 459 2456 tnlee
473 2391 660 2474 imaginati
673 2395 750 2456 sunt
764 2409 834 2456 esee
847 2393 1094 2474 qnmttajorent,
1120 2409 1194 2476 poce

5 2458 7 2572 l
95 2477 403 2560 oculmeeqwtidie
416 2477 625 2560 subjicerem
642 2479 825 2558 nonnanis
837 2479 1044 2542 snmnirnr'urn
1055 2479 1193 2554 creduli,

5 2613 7 2630 ›
97 2559 566 2714 memet
580 2561 1195 2646 n,

97 2732 199 2796 docio
212 2735 368 2798 detinere.
414 2734 611 2798 Necessaria
625 2731 735 2813 itaque
746 2731 885 2794 initalia
902 2732 1058 2796 revelatio
1075 2741 1194 2816 prater

99 2819 298 2884 naturalem.
322 2823 435 2904 inqua
458 2819 549 2880 Deus
573 2837 641 2880 non
658 2815 758 2880 modo
780 2835 836 2880 eas
860 2819 1090 2900 perfectiones,
1112 2835 1194 2901 quas

94 2904 220 2986 jamin
248 2907 355 2986 prima
379 2905 592 2986 patefecerat,
617 2901 787 2966 illustriori
821 2903 921 2966 modo
944 2903 1194 2986 cognoscendas

99 2991 271 3138 prabcret,
297 2989 355 3054 sed
381 2997 416 3052 et
441 3007 544 3052 novas
566 2985 737 3072 panderet,
770 2996 805 3052 et
832 2989 1028 3073 Mysteriusn
1048 2989 1195 3072 pietatis

97 3093 174 3138 reve
211 3079 271 3138 ret.
1312 3109 1315 3116 ,

141 3159 208 3224 111.
232 3159 406 3224 Revelatio
421 3157 479 3222 illa
494 3157 755 3240 supernaturalis
775 3156 867 3218 tacta
888 3161 938 3220 est
959 3177 1018 3240 per
1033 3157 1196 3235 verbum;
1316 3147 1330 3204 ’-
1353 3170 1375 3194 ““

98 3253 275 3330 postquam
291 3248 378 3310 enim
396 3247 496 3308 mutis
513 3243 675 3326 magistris
686 3241 727 3306 ad
741 3239 940 3304 erudiendos
952 3242 1102 3306 homines
1116 3261 1194 3306 usus

5 3381 6 3390 ,
97 3339 149 3394 est
165 3331 272 3408 Deus,
305 3351 342 3394 os
363 3351 458 3394 suum
478 3335 726 3395 sacrosanctum
750 3331 929 3403 reseravit;
962 3337 995 3390 et
1018 3331 1193 3412 postquem
1272 3373 1276 3390 .

99 3423 261 3499 metm
275 3423 309 3478 et
323 3413 464 3498 ἔωλυμιςός
481 3435 545 3499 per
556 3414 737 3498 propbetas
753 3415 917 3480 allocutus
931 3418 981 3477 eet
991 3419 1121 3496 putres,
1143 3417 1193 3480 ul·

98 3506 194 3568 timis
211 3503 301 3568 bisce
323 3501 520 3586 temporebus
539 3520 599 3584 per
612 3503 822 3586 unigenitam
832 3499 952 3580 fitium
974 3499 1087 3564 docem
1104 3497 1194 3564 baud

101 3588 300 3672 dedignatus
315 3595 377 3663 est,
398 3587 470 3652 Heb
485 3591 506 3652 i.
523 3589 549 3650 l.
596 3587 739 3650 Proinde
756 3585 867 3650 David
884 3587 940 3650 ubi
955 3603 1194 3650 commemora·

100 3677 148 3738 vit
169 3676 310 3759 gloriam
327 3673 392 3738 Dei
405 3676 428 3736 d
443 3675 533 3736 eolis
555 3677 711 3750 enarrari,
733 3689 1005 3756 operamenunm
1021 3671 1194 3734 enunciari
1264 3697 1268 3708 ·

98 3759 355 3836 autoramento,
376 3760 419 3823 ab
440 3758 594 3822 ordinata
604 3758 731 3822 dierum
744 3759 959 3842 noctiumque
975 3760 1058 3827 serie
1071 3755 1194 3838 Majes·

99 3851 202 3910 tatem
218 3849 292 3930 ejus
315 3846 497 3931 predicari,
519 3843 640 3908 deinde
661 3844 703 3906 ad
721 3845 809 3906 verbi
833 3847 1034 3906 mentionem
1059 3841 1194 3906 descen·

98 3931 177 4081 {l'it3l
199 3935 255 3998 lec
277 3933 393 4018 inquit,
415 3930 554 3997 Domini
578 3931 796 3995 immaculata
826 3933 1018 3994 eonvenms
1047 3930 1191 3992 animos.

128 4037 164 4082 sa
179 4063 186 4079 .
202 4037 273 4084 xix.

145 4103 206 4168 tv.
231 4104 404 4168 Doctrina
419 4103 466 4166 ita
482 4121 515 4164 tn
534 4099 637 4168 verbo
654 4097 805 4163 revelatas
827 4116 1022 4182 compagem
1043 4101 1194 4163 continet

98 4187 286 4272 'l'beologia
301 4191 375 4266 ista,
391 4189 487 4269 cujus
503 4193 648 4273 systema
660 4185 845 4262 condimus,
861 4191 895 4248 et
910 4203 982 4268 quse
993 4187 1194 4270 superantu-
1317 4185 1326 4232 t

100 4277 190 4342 rutis
204 4277 273 4342 dici
289 4281 411 4361 potest,
443 4276 517 4339 uti
532 4275 697 4352 naturali,
725 4271 768 4338 de
781 4290 850 4360 qua
859 4273 932 4356 pm
947 4270 1105 4352 diximus,
1130 4269 1197 4334 dis·

97 4363 283 4449 tinguatur.
