<?xml version="1.0" encoding="UTF-8"?>
<!DOCTYPE html PUBLIC "-//W3C//DTD XHTML 1.0 Transitional//EN"
    "http://www.w3.org/TR/xhtml1/DTD/xhtml1-transitional.dtd">
<html xmlns="http://www.w3.org/1999/xhtml" xml:lang="en" lang="en">
 <head>
  <title>
</title>
<meta http-equiv="Content-Type" content="text/html;charset=utf-8" />
  <meta name='ocr-system' content='tesseract 3.04.00' />
  <meta name='ocr-capabilities' content='ocr_page ocr_carea ocr_par ocr_line ocrx_word'/>
</head>
<body>
  <div class='ocr_page' id='page_1' title='image "./theologiachrist00pictgoog_0158.png"; bbox 0 0 2994 4996; ppageno 0'>
   <div class='ocr_carea' id='block_1_1' title="bbox 381 871 1317 976">
    <p class='ocr_par' dir='ltr' id='par_1_1' title="bbox 381 871 1317 976">
     <span class='ocr_line' id='line_1_1' title="bbox 381 871 1317 976; baseline -0.01 0"><span class='ocrx_word' id='word_1_1' title='bbox 381 875 821 976; x_wconf 71' lang='lat' dir='ltr'><strong>ufluohoulm</strong></span> <span class='ocrx_word' id='word_1_2' title='bbox 857 871 1317 976; x_wconf 72' lang='lat' dir='ltr'><strong>cuulsulurtm</strong></span> 
     </span>
    </p>
   </div>
   <div class='ocr_carea' id='block_1_2' title="bbox 619 1109 1148 1213">
    <p class='ocr_par' dir='ltr' id='par_1_2' title="bbox 619 1109 1148 1213">
     <span class='ocr_line' id='line_1_2' title="bbox 619 1109 1148 1213; baseline -0.006 -27"><span class='ocrx_word' id='word_1_3' title='bbox 619 1109 796 1186; x_wconf 73' lang='lat' dir='ltr'><strong>,LIBER</strong></span> <span class='ocrx_word' id='word_1_4' title='bbox 822 1109 1077 1213; x_wconf 74' lang='lat' dir='ltr'><strong>QUINTUS.</strong></span> <span class='ocrx_word' id='word_1_5' title='bbox 1145 1191 1148 1198; x_wconf 56' lang='grc'>,</span> 
     </span>
    </p>
   </div>
   <div class='ocr_carea' id='block_1_3' title="bbox 362 1298 1350 1533">
    <p class='ocr_par' dir='ltr' id='par_1_3' title="bbox 362 1298 1350 1533">
     <span class='ocr_line' id='line_1_3' title="bbox 362 1298 1350 1408; baseline -0.01 -24"><span class='ocrx_word' id='word_1_6' title='bbox 362 1306 425 1384; x_wconf 86' lang='lat' dir='ltr'><strong>De</strong></span> <span class='ocrx_word' id='word_1_7' title='bbox 454 1307 615 1384; x_wconf 80' lang='lat' dir='ltr'><strong>Decreta</strong></span> <span class='ocrx_word' id='word_1_8' title='bbox 638 1309 874 1408; x_wconf 67' lang='lat' dir='ltr'><strong>permittendi</strong></span> <span class='ocrx_word' id='word_1_9' title='bbox 902 1309 1065 1406; x_wconf 69' lang='grc' dir='ltr'>Ιιιρειιιιις</span> <span class='ocrx_word' id='word_1_10' title='bbox 1103 1327 1147 1378; x_wconf 83' lang='lat' dir='ltr'><strong>oc</strong></span> <span class='ocrx_word' id='word_1_11' title='bbox 1174 1301 1218 1376; x_wconf 74' lang='lat' dir='ltr'><strong>de</strong></span> <span class='ocrx_word' id='word_1_12' title='bbox 1246 1298 1350 1398; x_wconf 72' lang='lat' dir='ltr'><strong>topos</strong></span> 
     </span>
     <span class='ocr_line' id='line_1_4' title="bbox 612 1431 1105 1533; baseline -0.014 -25"><span class='ocrx_word' id='word_1_13' title='bbox 612 1431 836 1533; x_wconf 78' lang='lat' dir='ltr'><strong><em>Angelorum</em></strong></span> <span class='ocrx_word' id='word_1_14' title='bbox 853 1443 890 1508; x_wconf 88' lang='lat' dir='ltr'><strong>et</strong></span> <span class='ocrx_word' id='word_1_15' title='bbox 915 1431 1105 1504; x_wconf 74' lang='lat' dir='ltr'><strong>hominurn.</strong></span> 
     </span>
    </p>
   </div>
   <div class='ocr_carea' id='block_1_4' title="bbox 671 1771 1055 1838">
    <p class='ocr_par' dir='ltr' id='par_1_4' title="bbox 671 1771 1055 1838">
     <span class='ocr_line' id='line_1_5' title="bbox 671 1771 1055 1838; baseline 0 -2"><span class='ocrx_word' id='word_1_16' title='bbox 671 1771 826 1838; x_wconf 84' lang='lat' dir='ltr'>CAPUT</span> <span class='ocrx_word' id='word_1_17' title='bbox 850 1771 1055 1838; x_wconf 84' lang='lat' dir='ltr'><strong>PRIMUM.</strong></span> 
     </span>
    </p>
   </div>
   <div class='ocr_carea' id='block_1_5' title="bbox 407 1963 1298 2046">
    <p class='ocr_par' dir='ltr' id='par_1_5' title="bbox 407 1963 1298 2046">
     <span class='ocr_line' id='line_1_6' title="bbox 407 1963 1298 2046; baseline -0.002 -20"><span class='ocrx_word' id='word_1_18' title='bbox 407 1963 457 2026; x_wconf 72' lang='lat' dir='ltr'><strong>oe</strong></span> <span class='ocrx_word' id='word_1_19' title='bbox 470 1967 590 2026; x_wconf 82' lang='lat' dir='ltr'><strong>Decreto</strong></span> <span class='ocrx_word' id='word_1_20' title='bbox 600 1969 778 2046; x_wconf 66' lang='lat' dir='ltr'><strong>mutendi</strong></span> <span class='ocrx_word' id='word_1_21' title='bbox 792 1968 898 2046; x_wconf 73' lang='grc' dir='ltr'>Ιφιιιιιι</span> <span class='ocrx_word' id='word_1_22' title='bbox 905 1993 917 2040; x_wconf 83' lang='grc'><strong>,·</strong></span> <span class='ocrx_word' id='word_1_23' title='bbox 931 1963 965 2026; x_wconf 78' lang='lat' dir='ltr'><strong>&#39;et</strong></span> <span class='ocrx_word' id='word_1_24' title='bbox 979 1967 1012 2026; x_wconf 86' lang='lat' dir='ltr'><strong>ds</strong></span> <span class='ocrx_word' id='word_1_25' title='bbox 1026 1965 1104 2046; x_wconf 77' lang='lat' dir='ltr'><strong>topos</strong></span> <span class='ocrx_word' id='word_1_26' title='bbox 1117 1964 1298 2042; x_wconf 68' lang='lat' dir='ltr'><strong>Angelorum.</strong></span> 
     </span>
    </p>
   </div>
   <div class='ocr_carea' id='block_1_6' title="bbox 321 2121 1408 2256">
    <p class='ocr_par' dir='ltr' id='par_1_6' title="bbox 321 2121 1408 2256">
     <span class='ocr_line' id='line_1_7' title="bbox 321 2121 1408 2256; baseline -0.003 -20"><span class='ocrx_word' id='word_1_27' title='bbox 321 2171 350 2236; x_wconf 87' lang='lat'><strong>1.</strong></span> <span class='ocrx_word' id='word_1_28' title='bbox 368 2121 637 2240; x_wconf 68' lang='lat' dir='ltr'><strong>Decumo</strong></span> <span class='ocrx_word' id='word_1_29' title='bbox 659 2173 702 2237; x_wconf 87' lang='lat' dir='ltr'><strong>de</strong></span> <span class='ocrx_word' id='word_1_30' title='bbox 724 2173 905 2238; x_wconf 75' lang='lat' dir='ltr'><strong>condendis</strong></span> <span class='ocrx_word' id='word_1_31' title='bbox 929 2172 1066 2256; x_wconf 78' lang='lat' dir='ltr'>Angelis</span> <span class='ocrx_word' id='word_1_32' title='bbox 1089 2177 1190 2256; x_wconf 84' lang='lat' dir='ltr'><strong>utque</strong></span> <span class='ocrx_word' id='word_1_33' title='bbox 1206 2169 1408 2247; x_wconf 85' lang='lat' dir='ltr'><strong>homiuibus,</strong></span> 
     </span>
    </p>
   </div>
   <div class='ocr_carea' id='block_1_7' title="bbox 317 2256 1410 3024">
    <p class='ocr_par' dir='ltr' id='par_1_7' title="bbox 317 2256 1410 3024">
     <span class='ocr_line' id='line_1_8' title="bbox 318 2256 1408 2342; baseline -0.002 -22"><span class='ocrx_word' id='word_1_34' title='bbox 318 2256 468 2320; x_wconf 73' lang='lat' dir='ltr'>succedit</span> <span class='ocrx_word' id='word_1_35' title='bbox 481 2256 650 2324; x_wconf 86' lang='lat' dir='ltr'><strong>decretum</strong></span> <span class='ocrx_word' id='word_1_36' title='bbox 665 2259 707 2322; x_wconf 89' lang='lat' dir='ltr'><strong>de</strong></span> <span class='ocrx_word' id='word_1_37' title='bbox 718 2275 833 2323; x_wconf 86' lang='lat' dir='ltr'><strong>eorum</strong></span> <span class='ocrx_word' id='word_1_38' title='bbox 844 2259 1065 2342; x_wconf 85' lang='lat' dir='ltr'><strong>permittendo</strong></span> <span class='ocrx_word' id='word_1_39' title='bbox 1077 2259 1181 2342; x_wconf 85' lang='lat' dir='ltr'><strong>iupsu.</strong></span> <span class='ocrx_word' id='word_1_40' title='bbox 1218 2257 1305 2323; x_wconf 79' lang='lat' dir='ltr'><strong>Cum</strong></span> <span class='ocrx_word' id='word_1_41' title='bbox 1319 2259 1408 2322; x_wconf 90' lang='lat' dir='ltr'><strong>euim</strong></span> 
     </span>
     <span class='ocr_line' id='line_1_9' title="bbox 317 2341 1405 2428; baseline -0.002 -22"><span class='ocrx_word' id='word_1_42' title='bbox 317 2341 401 2406; x_wconf 85' lang='lat' dir='ltr'><strong>nihii</strong></span> <span class='ocrx_word' id='word_1_43' title='bbox 416 2345 449 2405; x_wconf 89' lang='lat' dir='ltr'><strong>ic</strong></span> <span class='ocrx_word' id='word_1_44' title='bbox 466 2343 589 2411; x_wconf 87' lang='lat' dir='ltr'><strong>mundo</strong></span> <span class='ocrx_word' id='word_1_45' title='bbox 605 2348 788 2428; x_wconf 77' lang='lat' dir='ltr'><strong>continget,</strong></span> <span class='ocrx_word' id='word_1_46' title='bbox 809 2347 913 2408; x_wconf 87' lang='lat' dir='ltr'><strong>inscio</strong></span> <span class='ocrx_word' id='word_1_47' title='bbox 928 2351 962 2410; x_wconf 88' lang='lat' dir='ltr'><strong>et</strong></span> <span class='ocrx_word' id='word_1_48' title='bbox 976 2347 1081 2409; x_wconf 83' lang='lat' dir='ltr'><strong>invito</strong></span> <span class='ocrx_word' id='word_1_49' title='bbox 1097 2345 1195 2422; x_wconf 90' lang='lat' dir='ltr'><strong>Deo;</strong></span> <span class='ocrx_word' id='word_1_50' title='bbox 1223 2341 1405 2407; x_wconf 77' lang='lat' dir='ltr'><strong>absurdum</strong></span> 
     </span>
     <span class='ocr_line' id='line_1_10' title="bbox 318 2423 1406 2514; baseline -0.002 -24"><span class='ocrx_word' id='word_1_51' title='bbox 318 2433 405 2490; x_wconf 86' lang='lat' dir='ltr'><strong>esset</strong></span> <span class='ocrx_word' id='word_1_52' title='bbox 420 2429 553 2494; x_wconf 87' lang='lat' dir='ltr'><strong>credere</strong></span> <span class='ocrx_word' id='word_1_53' title='bbox 575 2429 735 2514; x_wconf 71' lang='lat' dir='ltr'><strong>quondum</strong></span> <span class='ocrx_word' id='word_1_54' title='bbox 749 2451 792 2495; x_wconf 87' lang='lat' dir='ltr'><strong>ex</strong></span> <span class='ocrx_word' id='word_1_55' title='bbox 807 2431 943 2514; x_wconf 77' lang='lat' dir='ltr'><strong>angelis,</strong></span> <span class='ocrx_word' id='word_1_56' title='bbox 966 2431 1198 2514; x_wconf 83' lang='lat' dir='ltr'><strong>hominemque</strong></span> <span class='ocrx_word' id='word_1_57' title='bbox 1218 2425 1325 2512; x_wconf 74' lang='lat' dir='ltr'><strong>primd</strong></span> <span class='ocrx_word' id='word_1_58' title='bbox 1339 2423 1406 2504; x_wconf 79' lang='lat' dir='ltr'><strong>itit,</strong></span> 
     </span>
     <span class='ocr_line' id='line_1_11' title="bbox 319 2511 1406 2600; baseline -0.001 -25"><span class='ocrx_word' id='word_1_59' title='bbox 319 2514 355 2576; x_wconf 86' lang='lat' dir='ltr'><strong>iu</strong></span> <span class='ocrx_word' id='word_1_60' title='bbox 370 2531 438 2598; x_wconf 74' lang='lat' dir='ltr'><strong>quo</strong></span> <span class='ocrx_word' id='word_1_61' title='bbox 458 2518 561 2580; x_wconf 77' lang='lat' dir='ltr'><strong>crecti</strong></span> <span class='ocrx_word' id='word_1_62' title='bbox 577 2517 719 2592; x_wconf 81' lang='lat' dir='ltr'><strong>suerunt,</strong></span> <span class='ocrx_word' id='word_1_63' title='bbox 741 2519 930 2600; x_wconf 72' lang='lat' dir='ltr'><strong>integritate</strong></span> <span class='ocrx_word' id='word_1_64' title='bbox 951 2516 1122 2593; x_wconf 75' lang='lat' dir='ltr'><strong>excidisse,</strong></span> <span class='ocrx_word' id='word_1_65' title='bbox 1144 2519 1330 2598; x_wconf 72' lang='lat' dir='ltr'><strong>ignorante,</strong></span> <span class='ocrx_word' id='word_1_66' title='bbox 1353 2511 1406 2576; x_wconf 84' lang='lat' dir='ltr'><strong>vei</strong></span> 
     </span>
     <span class='ocr_line' id='line_1_12' title="bbox 318 2599 1406 2683; baseline -0.003 -21"><span class='ocrx_word' id='word_1_67' title='bbox 318 2617 388 2662; x_wconf 86' lang='lat' dir='ltr'><strong>uon</strong></span> <span class='ocrx_word' id='word_1_68' title='bbox 420 2603 632 2683; x_wconf 73' lang='lat' dir='ltr'><strong>permittente</strong></span> <span class='ocrx_word' id='word_1_69' title='bbox 661 2621 769 2666; x_wconf 84' lang='lat' dir='ltr'><strong>rerum</strong></span> <span class='ocrx_word' id='word_1_70' title='bbox 800 2605 947 2666; x_wconf 90' lang='lat' dir='ltr'><strong>omnium</strong></span> <span class='ocrx_word' id='word_1_71' title='bbox 976 2603 1110 2666; x_wconf 73' lang='lat' dir='ltr'><strong>arbitro.</strong></span> <span class='ocrx_word' id='word_1_72' title='bbox 1167 2599 1406 2664; x_wconf 82' lang='lat' dir='ltr'><strong>Existimumus</strong></span> 
     </span>
     <span class='ocr_line' id='line_1_13' title="bbox 318 2684 1407 2770; baseline -0.001 -24"><span class='ocrx_word' id='word_1_73' title='bbox 318 2684 422 2764; x_wconf 74' lang='lat' dir='ltr'><strong>igitur</strong></span> <span class='ocrx_word' id='word_1_74' title='bbox 448 2686 560 2749; x_wconf 90' lang='lat' dir='ltr'><strong>Deum</strong></span> <span class='ocrx_word' id='word_1_75' title='bbox 585 2687 701 2750; x_wconf 90' lang='lat' dir='ltr'><strong>eodem</strong></span> <span class='ocrx_word' id='word_1_76' title='bbox 727 2689 785 2749; x_wconf 90' lang='lat' dir='ltr'><strong>iilo</strong></span> <span class='ocrx_word' id='word_1_77' title='bbox 810 2695 899 2763; x_wconf 85' lang='lat' dir='ltr'><strong>uotu,</strong></span> <span class='ocrx_word' id='word_1_78' title='bbox 921 2707 987 2770; x_wconf 91' lang='lat' dir='ltr'><strong>quo</strong></span> <span class='ocrx_word' id='word_1_79' title='bbox 1014 2687 1195 2751; x_wconf 84' lang='lat' dir='ltr'><strong>decreverit</strong></span> <span class='ocrx_word' id='word_1_80' title='bbox 1217 2687 1354 2768; x_wconf 83' lang='lat' dir='ltr'><strong>uugeios</strong></span> <span class='ocrx_word' id='word_1_81' title='bbox 1373 2687 1407 2746; x_wconf 92' lang='lat' dir='ltr'><strong>et</strong></span> 
     </span>
     <span class='ocr_line' id='line_1_14' title="bbox 320 2767 1407 2856; baseline -0.002 -24"><span class='ocrx_word' id='word_1_82' title='bbox 320 2767 471 2832; x_wconf 83' lang='lat' dir='ltr'><strong>homines</strong></span> <span class='ocrx_word' id='word_1_83' title='bbox 490 2789 614 2846; x_wconf 79' lang='lat' dir='ltr'><strong>cresce,</strong></span> <span class='ocrx_word' id='word_1_84' title='bbox 639 2773 735 2834; x_wconf 88' lang='lat' dir='ltr'><strong>simui</strong></span> <span class='ocrx_word' id='word_1_85' title='bbox 761 2772 943 2836; x_wconf 82' lang='lat' dir='ltr'><strong>decrevisse</strong></span> <span class='ocrx_word' id='word_1_86' title='bbox 970 2775 1169 2856; x_wconf 83' lang='lat' dir='ltr'><strong>permittere,</strong></span> <span class='ocrx_word' id='word_1_87' title='bbox 1192 2779 1229 2835; x_wconf 90' lang='lat' dir='ltr'><strong>ut</strong></span> <span class='ocrx_word' id='word_1_88' title='bbox 1255 2773 1407 2833; x_wconf 72' lang='lat' dir='ltr'><strong>libertate</strong></span> 
     </span>
     <span class='ocr_line' id='line_1_15' title="bbox 320 2849 1410 2939; baseline 0.002 -25"><span class='ocrx_word' id='word_1_89' title='bbox 320 2849 439 2934; x_wconf 68' lang='lat' dir='ltr'><strong>cgeuffl</strong></span> <span class='ocrx_word' id='word_1_90' title='bbox 456 2854 534 2934; x_wconf 90' lang='lat' dir='ltr'><strong>ipsis</strong></span> <span class='ocrx_word' id='word_1_91' title='bbox 546 2873 704 2918; x_wconf 80' lang='lat' dir='ltr'><strong>concesse</strong></span> <span class='ocrx_word' id='word_1_92' title='bbox 725 2865 894 2920; x_wconf 87' lang='lat' dir='ltr'><strong>uterentur</strong></span> <span class='ocrx_word' id='word_1_93' title='bbox 911 2859 963 2921; x_wconf 82' lang='lat' dir='ltr'><strong>vei</strong></span> <span class='ocrx_word' id='word_1_94' title='bbox 979 2859 1215 2930; x_wconf 66' lang='lat' dir='ltr'><strong>abuterentun</strong></span> <span class='ocrx_word' id='word_1_95' title='bbox 1237 2853 1410 2939; x_wconf 89' lang='lat' dir='ltr'><strong>quomodo</strong></span> 
     </span>
     <span class='ocr_line' id='line_1_16' title="bbox 321 2939 1410 3024; baseline 0.002 -24"><span class='ocrx_word' id='word_1_96' title='bbox 321 2941 436 3000; x_wconf 81' lang='lat' dir='ltr'><strong>cutem</strong></span> <span class='ocrx_word' id='word_1_97' title='bbox 447 2939 540 3000; x_wconf 77' lang='lat' dir='ltr'><strong>ebusi</strong></span> <span class='ocrx_word' id='word_1_98' title='bbox 551 2940 628 3012; x_wconf 89' lang='lat' dir='ltr'><strong>siut,</strong></span> <span class='ocrx_word' id='word_1_99' title='bbox 639 2939 709 3020; x_wconf 82' lang='lat' dir='ltr'><strong>jum</strong></span> <span class='ocrx_word' id='word_1_100' title='bbox 724 2944 757 3003; x_wconf 91' lang='lat' dir='ltr'><strong>iu</strong></span> <span class='ocrx_word' id='word_1_101' title='bbox 774 2943 838 3004; x_wconf 89' lang='lat' dir='ltr'><strong>hoo</strong></span> <span class='ocrx_word' id='word_1_102' title='bbox 853 2943 937 3004; x_wconf 87' lang='lat' dir='ltr'><strong>libro</strong></span> <span class='ocrx_word' id='word_1_103' title='bbox 951 2942 1227 3024; x_wconf 75' lang='lat' dir='ltr'><strong>investigandum,</strong></span> <span class='ocrx_word' id='word_1_104' title='bbox 1247 2961 1286 3005; x_wconf 83' lang='lat' dir='ltr'><strong>uc</strong></span> <span class='ocrx_word' id='word_1_105' title='bbox 1302 2942 1410 3024; x_wconf 79' lang='lat' dir='ltr'><strong>primo</strong></span> 
     </span>
    </p>
   </div>
   <div class='ocr_carea' id='block_1_8' title="bbox 204 3021 974 3122">
    <p class='ocr_par' dir='ltr' id='par_1_8' title="bbox 204 3021 974 3122">
     <span class='ocr_line' id='line_1_17' title="bbox 204 3021 974 3122; baseline 0.001 -35"><span class='ocrx_word' id='word_1_106' title='bbox 204 3091 221 3122; x_wconf 33' lang='grc' dir='ltr'>ἱ</span> <span class='ocrx_word' id='word_1_107' title='bbox 323 3021 365 3087; x_wconf 90' lang='lat' dir='ltr'><strong>de</strong></span> <span class='ocrx_word' id='word_1_108' title='bbox 381 3021 474 3106; x_wconf 83' lang='lat' dir='ltr'><strong>icpsu</strong></span> <span class='ocrx_word' id='word_1_109' title='bbox 489 3021 681 3104; x_wconf 75' lang='lat' dir='ltr'><strong>augelorum</strong></span> <span class='ocrx_word' id='word_1_110' title='bbox 696 3027 798 3088; x_wconf 82' lang='lat' dir='ltr'><strong>verbu</strong></span> <span class='ocrx_word' id='word_1_111' title='bbox 813 3027 974 3090; x_wconf 73' lang='lat' dir='ltr'><strong>facienda.</strong></span> 
     </span>
    </p>
   </div>
   <div class='ocr_carea' id='block_1_9' title="bbox 314 3107 1414 4296">
    <p class='ocr_par' dir='ltr' id='par_1_9' title="bbox 314 3107 1411 3530">
     <span class='ocr_line' id='line_1_18' title="bbox 367 3107 1410 3190; baseline 0.002 -20"><span class='ocrx_word' id='word_1_112' title='bbox 367 3107 413 3170; x_wconf 85' lang='lat'><strong>11.</strong></span> <span class='ocrx_word' id='word_1_113' title='bbox 436 3107 561 3172; x_wconf 89' lang='lat' dir='ltr'><strong>Omnes</strong></span> <span class='ocrx_word' id='word_1_114' title='bbox 575 3109 745 3190; x_wconf 78' lang='lat' dir='ltr'><strong>ungelosd</strong></span> <span class='ocrx_word' id='word_1_115' title='bbox 762 3111 837 3170; x_wconf 89' lang='lat' dir='ltr'><strong>Deo</strong></span> <span class='ocrx_word' id='word_1_116' title='bbox 860 3119 988 3174; x_wconf 78' lang='lat' dir='ltr'><strong>erectos</strong></span> <span class='ocrx_word' id='word_1_117' title='bbox 1010 3111 1108 3174; x_wconf 80' lang='lat' dir='ltr'><strong>tuisse</strong></span> <span class='ocrx_word' id='word_1_118' title='bbox 1125 3117 1255 3174; x_wconf 77' lang='lat' dir='ltr'><strong>sanctos</strong></span> <span class='ocrx_word' id='word_1_119' title='bbox 1269 3119 1305 3173; x_wconf 89' lang='lat' dir='ltr'><strong>et</strong></span> <span class='ocrx_word' id='word_1_120' title='bbox 1316 3113 1410 3173; x_wconf 87' lang='lat' dir='ltr'><strong>inno·</strong></span> 
     </span>
     <span class='ocr_line' id='line_1_19' title="bbox 322 3193 1410 3278; baseline 0.001 -21"><span class='ocrx_word' id='word_1_121' title='bbox 322 3199 447 3269; x_wconf 87' lang='lat' dir='ltr'><strong>ceutes,</strong></span> <span class='ocrx_word' id='word_1_122' title='bbox 469 3195 677 3275; x_wconf 87' lang='lat' dir='ltr'><strong>insuperiori</strong></span> <span class='ocrx_word' id='word_1_123' title='bbox 701 3193 785 3256; x_wconf 90' lang='lat' dir='ltr'><strong>libro</strong></span> <span class='ocrx_word' id='word_1_124' title='bbox 802 3201 963 3270; x_wconf 77' lang='lat' dir='ltr'><strong>notatum,</strong></span> <span class='ocrx_word' id='word_1_125' title='bbox 985 3201 1111 3278; x_wconf 88' lang='lat' dir='ltr'><strong>nequis</strong></span> <span class='ocrx_word' id='word_1_126' title='bbox 1130 3201 1313 3278; x_wconf 84' lang='lat' dir='ltr'><strong>suspicetur</strong></span> <span class='ocrx_word' id='word_1_127' title='bbox 1328 3215 1410 3258; x_wconf 90' lang='lat' dir='ltr'><strong>uou-</strong></span> 
     </span>
     <span class='ocr_line' id='line_1_20' title="bbox 314 3278 1410 3364; baseline 0.002 -22"><span class='ocrx_word' id='word_1_128' title='bbox 314 3278 433 3342; x_wconf 86' lang='lat' dir='ltr'><strong>·uullos</strong></span> <span class='ocrx_word' id='word_1_129' title='bbox 444 3285 573 3341; x_wconf 80' lang='lat' dir='ltr'><strong>erectos</strong></span> <span class='ocrx_word' id='word_1_130' title='bbox 584 3297 659 3341; x_wconf 89' lang='lat' dir='ltr'><strong>cum</strong></span> <span class='ocrx_word' id='word_1_131' title='bbox 671 3297 712 3340; x_wconf 78' lang='lat' dir='ltr'><strong>eu</strong></span> <span class='ocrx_word' id='word_1_132' title='bbox 722 3282 895 3359; x_wconf 75' lang='lat' dir='ltr'><strong>pravitate,</strong></span> <span class='ocrx_word' id='word_1_133' title='bbox 912 3299 1009 3360; x_wconf 88' lang='lat' dir='ltr'><strong>quum</strong></span> <span class='ocrx_word' id='word_1_134' title='bbox 1024 3289 1137 3362; x_wconf 87' lang='lat' dir='ltr'><strong>posteu</strong></span> <span class='ocrx_word' id='word_1_135' title='bbox 1147 3284 1410 3364; x_wconf 73' lang='lat' dir='ltr'><strong>acquisiveruut;</strong></span> 
     </span>
     <span class='ocr_line' id='line_1_21' title="bbox 326 3363 1411 3448; baseline 0.002 -22"><span class='ocrx_word' id='word_1_136' title='bbox 326 3365 374 3426; x_wconf 84' lang='lat' dir='ltr'><strong>sic</strong></span> <span class='ocrx_word' id='word_1_137' title='bbox 389 3363 476 3426; x_wconf 90' lang='lat' dir='ltr'><strong>euim</strong></span> <span class='ocrx_word' id='word_1_138' title='bbox 493 3363 586 3426; x_wconf 88' lang='lat' dir='ltr'><strong>Deus</strong></span> <span class='ocrx_word' id='word_1_139' title='bbox 601 3369 718 3426; x_wconf 75' lang='lat' dir='ltr'><strong>auctor</strong></span> <span class='ocrx_word' id='word_1_140' title='bbox 740 3371 867 3446; x_wconf 85' lang='lat' dir='ltr'><strong>peccut1</strong></span> <span class='ocrx_word' id='word_1_141' title='bbox 888 3371 1139 3447; x_wconf 84' lang='lat' dir='ltr'><strong>supponeretur,</strong></span> <span class='ocrx_word' id='word_1_142' title='bbox 1161 3366 1248 3448; x_wconf 87' lang='lat' dir='ltr'><strong>qudd</strong></span> <span class='ocrx_word' id='word_1_143' title='bbox 1263 3369 1411 3448; x_wconf 71' lang='lat' dir='ltr'><strong>cogitare</strong></span> 
     </span>
     <span class='ocr_line' id='line_1_22' title="bbox 327 3447 581 3530; baseline -0.008 -18"><span class='ocrx_word' id='word_1_144' title='bbox 327 3449 467 3530; x_wconf 89' lang='lat' dir='ltr'><strong>impium</strong></span> <span class='ocrx_word' id='word_1_145' title='bbox 484 3447 581 3511; x_wconf 82' lang='lat' dir='ltr'><strong>toret.</strong></span> 
     </span>
    </p>

    <p class='ocr_par' dir='ltr' id='par_1_10' title="bbox 324 3531 1414 4296">
     <span class='ocr_line' id='line_1_23' title="bbox 370 3531 1411 3609; baseline 0.002 -13"><span class='ocrx_word' id='word_1_146' title='bbox 370 3533 434 3596; x_wconf 87' lang='lat'>111.</span> <span class='ocrx_word' id='word_1_147' title='bbox 460 3531 586 3596; x_wconf 87' lang='lat' dir='ltr'><strong>Verum</strong></span> <span class='ocrx_word' id='word_1_148' title='bbox 606 3534 666 3594; x_wconf 89' lang='lat' dir='ltr'><strong>etsi</strong></span> <span class='ocrx_word' id='word_1_149' title='bbox 691 3535 838 3596; x_wconf 84' lang='lat' dir='ltr'><strong>omnesd</strong></span> <span class='ocrx_word' id='word_1_150' title='bbox 855 3533 929 3596; x_wconf 90' lang='lat' dir='ltr'><strong>Deo</strong></span> <span class='ocrx_word' id='word_1_151' title='bbox 952 3537 1053 3597; x_wconf 86' lang='lat' dir='ltr'><strong>crecti</strong></span> <span class='ocrx_word' id='word_1_152' title='bbox 1076 3539 1191 3609; x_wconf 79' lang='lat' dir='ltr'><strong>suncti,</strong></span> <span class='ocrx_word' id='word_1_153' title='bbox 1215 3557 1281 3600; x_wconf 85' lang='lat' dir='ltr'><strong>nou</strong></span> <span class='ocrx_word' id='word_1_154' title='bbox 1297 3555 1411 3599; x_wconf 83' lang='lat' dir='ltr'><strong>omues</strong></span> 
     </span>
     <span class='ocr_line' id='line_1_24' title="bbox 325 3618 1412 3704; baseline 0.002 -23"><span class='ocrx_word' id='word_1_155' title='bbox 325 3619 486 3682; x_wconf 71' lang='lat' dir='ltr'><strong>tamenin</strong></span> <span class='ocrx_word' id='word_1_156' title='bbox 508 3637 549 3680; x_wconf 87' lang='lat' dir='ltr'><strong>eo</strong></span> <span class='ocrx_word' id='word_1_157' title='bbox 571 3622 659 3682; x_wconf 76' lang='lat' dir='ltr'><strong>statu</strong></span> <span class='ocrx_word' id='word_1_158' title='bbox 677 3621 890 3700; x_wconf 78' lang='lat' dir='ltr'><strong>permansisse</strong></span> <span class='ocrx_word' id='word_1_159' title='bbox 911 3618 1032 3682; x_wconf 88' lang='lat' dir='ltr'><strong>docent</strong></span> <span class='ocrx_word' id='word_1_160' title='bbox 1050 3621 1118 3684; x_wconf 78' lang='lat' dir='ltr'><strong>hmo</strong></span> <span class='ocrx_word' id='word_1_161' title='bbox 1133 3623 1207 3684; x_wconf 85' lang='lat' dir='ltr'><strong>locu</strong></span> <span class='ocrx_word' id='word_1_162' title='bbox 1222 3623 1412 3704; x_wconf 73' lang='lat' dir='ltr'><strong>Scriptum,</strong></span> 
     </span>
     <span class='ocr_line' id='line_1_25' title="bbox 325 3701 1412 3777; baseline 0.002 -9"><span class='ocrx_word' id='word_1_163' title='bbox 325 3703 403 3768; x_wconf 85' lang='lat' dir='ltr'><strong>Joh.</strong></span> <span class='ocrx_word' id='word_1_164' title='bbox 420 3704 488 3766; x_wconf 83' lang='lat' dir='ltr'><strong>viii.</strong></span> <span class='ocrx_word' id='word_1_165' title='bbox 502 3703 555 3766; x_wconf 77' lang='lat'><strong>44.</strong></span> <span class='ocrx_word' id='word_1_166' title='bbox 589 3701 761 3767; x_wconf 79' lang='lat' dir='ltr'><strong>Diodotus·</strong></span> <span class='ocrx_word' id='word_1_167' title='bbox 772 3703 937 3767; x_wconf 71' lang='lat' dir='ltr'><strong>homicida</strong></span> <span class='ocrx_word' id='word_1_168' title='bbox 951 3709 1025 3768; x_wconf 74' lang='lat' dir='ltr'><strong>esci</strong></span> <span class='ocrx_word' id='word_1_169' title='bbox 1039 3707 1081 3770; x_wconf 82' lang='lat' dir='ltr'><strong>ob</strong></span> <span class='ocrx_word' id='word_1_170' title='bbox 1096 3708 1206 3777; x_wconf 78' lang='lat' dir='ltr'><strong>initio,</strong></span> <span class='ocrx_word' id='word_1_171' title='bbox 1229 3713 1260 3771; x_wconf 84' lang='lat' dir='ltr'><strong>ct</strong></span> <span class='ocrx_word' id='word_1_172' title='bbox 1275 3711 1311 3770; x_wconf 83' lang='lat' dir='ltr'><strong>tu</strong></span> <span class='ocrx_word' id='word_1_173' title='bbox 1324 3709 1412 3772; x_wconf 79' lang='lat' dir='ltr'><strong>oeri-</strong></span> 
     </span>
     <span class='ocr_line' id='line_1_26' title="bbox 326 3787 1411 3874; baseline 0 -21"><span class='ocrx_word' id='word_1_174' title='bbox 326 3791 396 3854; x_wconf 80' lang='lat' dir='ltr'><strong>tate</strong></span> <span class='ocrx_word' id='word_1_175' title='bbox 408 3807 475 3870; x_wconf 74' lang='lat' dir='ltr'><strong>ooo</strong></span> <span class='ocrx_word' id='word_1_176' title='bbox 488 3790 589 3852; x_wconf 82' lang='lat' dir='ltr'><strong>stetit.</strong></span> <span class='ocrx_word' id='word_1_177' title='bbox 634 3787 654 3851; x_wconf 87' lang='lat' dir='ltr'>J</span> <span class='ocrx_word' id='word_1_178' title='bbox 659 3789 712 3852; x_wconf 85' lang='lat' dir='ltr'><strong>ud</strong></span> <span class='ocrx_word' id='word_1_179' title='bbox 730 3789 809 3853; x_wconf 83' lang='lat' dir='ltr'><strong>vers.</strong></span> <span class='ocrx_word' id='word_1_180' title='bbox 829 3791 857 3852; x_wconf 91' lang='grc'><strong>6.</strong></span> <span class='ocrx_word' id='word_1_181' title='bbox 883 3791 1030 3874; x_wconf 77' lang='lat' dir='ltr'><strong>Angelos</strong></span> <span class='ocrx_word' id='word_1_182' title='bbox 1049 3793 1137 3869; x_wconf 78' lang='lat' dir='ltr'><strong>item,</strong></span> <span class='ocrx_word' id='word_1_183' title='bbox 1158 3795 1330 3874; x_wconf 77' lang='lat' dir='ltr'><strong>quiscum</strong></span> <span class='ocrx_word' id='word_1_184' title='bbox 1342 3791 1411 3854; x_wconf 74' lang='lat' dir='ltr'><strong>ort·-</strong></span> 
     </span>
     <span class='ocr_line' id='line_1_27' title="bbox 325 3877 1410 3960; baseline 0.006 -24"><span class='ocrx_word' id='word_1_185' title='bbox 325 3893 441 3958; x_wconf 79' lang='lat' dir='ltr'><strong>gruem</strong></span> <span class='ocrx_word' id='word_1_186' title='bbox 454 3895 519 3938; x_wconf 85' lang='lat' dir='ltr'><strong>noo</strong></span> <span class='ocrx_word' id='word_1_187' title='bbox 533 3879 760 3950; x_wconf 75' lang='lat' dir='ltr'><strong>semoverunt,</strong></span> <span class='ocrx_word' id='word_1_188' title='bbox 782 3878 840 3939; x_wconf 85' lang='lat' dir='ltr'><strong>sed</strong></span> <span class='ocrx_word' id='word_1_189' title='bbox 851 3881 1024 3960; x_wconf 81' lang='lat' dir='ltr'><strong>proprium</strong></span> <span class='ocrx_word' id='word_1_190' title='bbox 1038 3877 1264 3940; x_wconf 81' lang='lat' dir='ltr'><strong>tabitacutum</strong></span> <span class='ocrx_word' id='word_1_191' title='bbox 1278 3879 1410 3942; x_wconf 75' lang='lat' dir='ltr'><strong>dostru-</strong></span> 
     </span>
     <span class='ocr_line' id='line_1_28' title="bbox 325 3962 1412 4046; baseline 0.002 -24"><span class='ocrx_word' id='word_1_192' title='bbox 325 3967 435 4036; x_wconf 80' lang='lat' dir='ltr'><strong>erunt,</strong></span> <span class='ocrx_word' id='word_1_193' title='bbox 450 3962 498 4026; x_wconf 86' lang='lat' dir='ltr'><strong>od</strong></span> <span class='ocrx_word' id='word_1_194' title='bbox 520 3962 673 4025; x_wconf 76' lang='lat' dir='ltr'><strong>‘odicium</strong></span> <span class='ocrx_word' id='word_1_195' title='bbox 682 3979 816 4046; x_wconf 76' lang='lat' dir='ltr'><strong>mogum</strong></span> <span class='ocrx_word' id='word_1_196' title='bbox 826 3963 896 4026; x_wconf 79' lang='lat' dir='ltr'><strong>diei</strong></span> <span class='ocrx_word' id='word_1_197' title='bbox 916 3965 1210 4026; x_wconf 78' lang='lat' dir='ltr'><strong>vinculismterm&#39;n</strong></span> <span class='ocrx_word' id='word_1_198' title='bbox 1221 3963 1412 4026; x_wconf 77' lang='lat' dir='ltr'><strong>intenebris</strong></span> 
     </span>
     <span class='ocr_line' id='line_1_29' title="bbox 324 3983 1413 4132; baseline 0.002 -24"><span class='ocrx_word' id='word_1_199' title='bbox 324 4049 440 4110; x_wconf 73' lang='lat' dir='ltr'><strong>sonat</strong></span> <span class='ocrx_word' id='word_1_200' title='bbox 494 3983 617 4110; x_wconf 43' lang='lat' dir='ltr'><strong>&amp;rbem</strong></span> <span class='ocrx_word' id='word_1_201' title='bbox 635 4048 702 4110; x_wconf 80' lang='lat' dir='ltr'><strong>iere</strong></span> <span class='ocrx_word' id='word_1_202' title='bbox 716 4051 904 4112; x_wconf 83' lang='lat' dir='ltr'><strong>uuiversum</strong></span> <span class='ocrx_word' id='word_1_203' title='bbox 916 4055 1093 4132; x_wconf 84' lang='lat' dir='ltr'><strong>pervugutu</strong></span> <span class='ocrx_word' id='word_1_204' title='bbox 1107 4055 1156 4112; x_wconf 83' lang='lat' dir='ltr'><strong>est</strong></span> <span class='ocrx_word' id='word_1_205' title='bbox 1171 4051 1290 4112; x_wconf 81' lang='lat' dir='ltr'><strong>notitic</strong></span> <span class='ocrx_word' id='word_1_206' title='bbox 1303 4049 1413 4131; x_wconf 71' lang='lat' dir='ltr'><strong>tapsus</strong></span> 
     </span>
     <span class='ocr_line' id='line_1_30' title="bbox 325 4131 1414 4217; baseline 0.001 -25"><span class='ocrx_word' id='word_1_207' title='bbox 325 4131 543 4210; x_wconf 64' lang='lat' dir='ltr'><strong>augelorum</strong></span> <span class='ocrx_word' id='word_1_208' title='bbox 566 4135 716 4196; x_wconf 81' lang='lat' dir='ltr'><strong>teruntur</strong></span> <span class='ocrx_word' id='word_1_209' title='bbox 728 4135 957 4199; x_wconf 72' lang='lat' dir='ltr'><strong>memorabiles</strong></span> <span class='ocrx_word' id='word_1_210' title='bbox 975 4134 1184 4217; x_wconf 87' lang='lat' dir='ltr'><strong>Empedoclis</strong></span> <span class='ocrx_word' id='word_1_211' title='bbox 1200 4155 1322 4208; x_wconf 79' lang='lat' dir='ltr'><strong>versus,</strong></span> <span class='ocrx_word' id='word_1_212' title='bbox 1343 4134 1414 4216; x_wconf 79' lang='lat' dir='ltr'><strong>qui·</strong></span> 
     </span>
     <span class='ocr_line' id='line_1_31' title="bbox 327 4214 1410 4296; baseline 0 -16"><span class='ocrx_word' id='word_1_213' title='bbox 327 4214 390 4290; x_wconf 85' lang='lat' dir='ltr'><strong>bus</strong></span> <span class='ocrx_word' id='word_1_214' title='bbox 411 4235 453 4278; x_wconf 81' lang='lat' dir='ltr'><strong>ex</strong></span> <span class='ocrx_word' id='word_1_215' title='bbox 468 4221 590 4281; x_wconf 73' lang='lat' dir='ltr'><strong>ethere</strong></span> <span class='ocrx_word' id='word_1_216' title='bbox 605 4222 637 4281; x_wconf 90' lang='lat' dir='ltr'><strong>iu</strong></span> <span class='ocrx_word' id='word_1_217' title='bbox 657 4219 797 4282; x_wconf 87' lang='lat' dir='ltr'><strong>Pontum</strong></span> <span class='ocrx_word' id='word_1_218' title='bbox 818 4223 978 4284; x_wconf 85' lang='lat' dir='ltr'><strong>corruisse</strong></span> <span class='ocrx_word' id='word_1_219' title='bbox 998 4223 1172 4296; x_wconf 67' lang='lat' dir='ltr'><strong>dusmense,</strong></span> <span class='ocrx_word' id='word_1_220' title='bbox 1194 4228 1227 4283; x_wconf 88' lang='lat' dir='ltr'><strong>et</strong></span> <span class='ocrx_word' id='word_1_221' title='bbox 1250 4220 1410 4284; x_wconf 81' lang='lat' dir='ltr'><strong>scelerum</strong></span> 
     </span>
    </p>
   </div>
   <div class='ocr_carea' id='block_1_10' title="bbox 324 4301 1411 4492">
    <p class='ocr_par' dir='ltr' id='par_1_11' title="bbox 324 4301 1411 4492">
     <span class='ocr_line' id='line_1_32' title="bbox 326 4301 1411 4392; baseline 0.003 -28"><span class='ocrx_word' id='word_1_222' title='bbox 326 4319 440 4384; x_wconf 81' lang='lat' dir='ltr'><strong>pmuus</strong></span> <span class='ocrx_word' id='word_1_223' title='bbox 456 4302 534 4366; x_wconf 86' lang='lat' dir='ltr'><strong>dure</strong></span> <span class='ocrx_word' id='word_1_224' title='bbox 550 4307 680 4367; x_wconf 88' lang='lat' dir='ltr'><strong>cecinit.</strong></span> <span class='ocrx_word' id='word_1_225' title='bbox 727 4305 860 4368; x_wconf 87' lang='lat' dir='ltr'><strong>Detrusi</strong></span> <span class='ocrx_word' id='word_1_226' title='bbox 877 4305 1038 4392; x_wconf 79' lang='lat' dir='ltr'><strong>Giguutes</strong></span> <span class='ocrx_word' id='word_1_227' title='bbox 1051 4310 1086 4374; x_wconf 87' lang='lat' dir='ltr'><strong>iu</strong></span> <span class='ocrx_word' id='word_1_228' title='bbox 1106 4305 1247 4378; x_wconf 68' lang='lat' dir='ltr'><strong>Turtam</strong></span> <span class='ocrx_word' id='word_1_229' title='bbox 1266 4306 1331 4372; x_wconf 86' lang='lat' dir='ltr'><strong>hoc</strong></span> <span class='ocrx_word' id='word_1_230' title='bbox 1350 4301 1411 4366; x_wconf 85' lang='lat' dir='ltr'><strong>do·</strong></span> 
     </span>
     <span class='ocr_line' id='line_1_33' title="bbox 324 4385 918 4492; baseline 0.008 -38"><span class='ocrx_word' id='word_1_231' title='bbox 324 4393 477 4468; x_wconf 80' lang='lat' dir='ltr'><strong>cueruut,</strong></span> <span class='ocrx_word' id='word_1_232' title='bbox 497 4399 532 4456; x_wconf 88' lang='lat' dir='ltr'><strong>et</strong></span> <span class='ocrx_word' id='word_1_233' title='bbox 545 4385 612 4456; x_wconf 73' lang='lat' dir='ltr'><strong>Ate</strong></span> <span class='ocrx_word' id='word_1_234' title='bbox 624 4389 667 4455; x_wconf 87' lang='lat' dir='ltr'><strong>de</strong></span> <span class='ocrx_word' id='word_1_235' title='bbox 682 4391 766 4492; x_wconf 71' lang='lat' dir='ltr'><strong>culp</strong></span> <span class='ocrx_word' id='word_1_236' title='bbox 779 4391 918 4474; x_wconf 78' lang='lat' dir='ltr'><strong>dejectu.</strong></span> 
     </span>
    </p>
   </div>
   <div class='ocr_carea' id='block_1_11' title="bbox 0 0 1521 4996">
    <p class='ocr_par' dir='ltr' id='par_1_12' title="bbox 0 0 1521 4996">
     <span class='ocr_line' id='line_1_34' title="bbox 0 0 1521 4996; baseline 0 0"><span class='ocrx_word' id='word_1_237' title='bbox 0 0 1521 4996; x_wconf 95' lang='lat' dir='ltr'><strong> </strong></span> 
     </span>
    </p>
   </div>
  </div>
 </body>
</html>
