3000 4998
372 435 435 500 222
600 443 604 448 ·
691 439 1160 498 rusououracrrarsrrsuss,
1259 429 1452 516 [imvm.

374 609 453 670 tiam
470 603 594 670 homini
609 601 757 663 innatam
780 599 1019 682 deprimebant,
1041 605 1075 663 et
1092 599 1208 664 desub
1224 601 1453 688 salotedeaps·

351 699 502 758 rantem
528 687 707 769 adigebant
730 685 774 748 ad
804 685 1012 768 querendum
1044 689 1110 749 suis
1141 687 1237 750 malis
1267 689 1453 752 remedium.

375 777 450 840 Hoc
476 781 587 836 autem
615 773 795 835 remedium
820 771 971 834 Christus
997 779 1065 845 est;
1097 775 1144 834 sio
1167 773 1220 835 lex
1243 775 1453 859 predugogus

372 861 416 924 ad
433 861 602 923 Christum
615 859 689 932 tuit,
710 877 779 920 nou
799 877 857 940 per
882 877 929 933 se,
950 861 1030 940 quia
1052 859 1106 920 lex
1131 857 1300 922 Christum
1317 861 1454 942 ignorat,

373 947 431 1012 sed
446 950 493 1008 ita
508 944 670 1026 dirigente
692 941 776 1006 Deo.

417 1031 478 1095 IV.
506 1029 719 1092 ceremoniae
735 1027 856 1111 legales
873 1026 1021 1090 homines
1039 1030 1138 1091 etiam
1155 1028 1196 1090 ad
1214 1029 1385 1092 Christum
1400 1031 1452 1093 ad·

375 1117 553 1190 ducebant,
578 1114 760 1196 etquidem
788 1115 884 1174 variis
906 1114 1022 1188 modis,
1048 1115 1075 1176 1.
1093 1114 1181 1180 Quin
1206 1123 1301 1178 erant
1327 1120 1400 1200 typi
1423 1125 1454 1180 et

372 1209 496 1266 umbroe
523 1199 658 1272 Christi,
689 1201 760 1280 ejus
790 1197 975 1260 officiorum
1005 1207 1039 1260 et
1071 1199 1313 1264 beneficiorum.
1372 1201 1453 1269 Quid

373 1307 520 1352 summus
536 1283 710 1349 sacerdos?
732 1289 798 1347 irnd
824 1283 905 1366 quid
920 1283 1107 1348 sacerdotes
1133 1285 1268 1348 omues?
1290 1285 1371 1368 quid
1389 1289 1453 1350 Na·

373 1371 490 1440 carmi?
512 1371 593 1456 quid
609 1369 778 1444 sacrificia,
806 1367 883 1450 qnid
900 1367 1064 1432 victime?
1086 1371 1163 1454 quid
1189 1369 1289 1434 arca?
1313 1373 1394 1454 quid
1412 1383 1454 1435 ta·

374 1455 609 1524 heruacoium?
640 1459 719 1517 sane
748 1461 843 1517 erant
869 1475 984 1518 omues
1016 1455 1138 1517 Christi
1169 1455 1452 1543 Salvatoristypi.

375 1545 455 1608 Hero
471 1561 536 1604 non
555 1541 741 1624 probamus,
763 1542 894 1620 augusti
914 1543 1018 1615 enim,
1035 1543 1122 1604 iutra
1138 1561 1221 1624 qnos
1237 1562 1296 1604 nos
1312 1553 1454 1608 coarcta·

373 1649 458 1708 mus,
481 1629 611 1698 limites,
633 1625 714 1688 iilud
730 1645 796 1687 noo
820 1627 1009 1707 potiuntur3
1031 1628 1102 1688 sola
1118 1627 1233 1689 harum
1250 1633 1453 1694 curemonia·

373 1735 447 1778 rum
470 1715 630 1795 inspectio
646 1711 755 1786 docet,
777 1729 853 1774 eum
880 1714 913 1773 iu
930 1711 1038 1774 tinem.
1054 1715 1074 1774 d
1091 1712 1165 1775 Deo
1191 1716 1371 1790 institutas,
1393 1735 1453 1778 uon

374 1809 413 1864 ut
438 1800 582 1864 cultores
608 1817 685 1860 suos
700 1803 880 1879 occuparet
906 1799 940 1860 in
968 1799 1106 1860 terrenis
1132 1801 1314 1876 exercitiis,
1330 1803 1387 1864 sed
1403 1822 1454 1883 po·

374 1889 439 1950 tius
456 1899 494 1950 ut
519 1885 618 1948 aitihs
633 1885 774 1964 erigeret
798 1901 912 1946 eorum
941 1891 1075 1946 mentes.
1123 1884 1212 1956 Quid
1231 1889 1317 1948 enim
1341 1889 1455 1966 (rerba

373 1981 451 2036 sunt
468 1970 598 2032 Calvioi
615 1969 736 2048 nostri)
751 1970 864 2050 magia
880 1969 980 2032 inune
995 1973 1054 2031 out
1058 1969 1235 2050 frivolum,
1248 1973 1344 2052 pedm
1357 1972 1456 2036 Mmi·

359 2071 444 2132 'usa
465 2059 503 2120 ut
531 2055 598 2118 Deo
626 2073 662 2116 sc
690 2055 914 2128 reconcilient,
934 2055 1098 2134 foetidum
1126 2057 1265 2118 nitor-em
1289 2075 1330 2119 ccc
1355 2059 1456 2138 udipc
1490 2107 1491 2132 ,

369 2141 536 2224 pecudum
549 2135 680 2222 offerre,
702 2143 740 2200 ut
755 2139 868 2200 sordeo
882 2158 965 2202 auur
991 2143 1113 2216 cluunt,
1136 2145 1181 2202 od
1196 2161 1294 2224 oprtoe
1308 2145 1361 2207 oet
1381 2163 1456 2207 suu·

371 2227 493 2312 guiut'a
521 2224 745 2304 aspersionem
774 2223 960 2305 corffugcrc.
1015 2225 1143 2307 Scupos
1169 2227 1281 2310 itaque
1310 2227 1373 2290 Dei
1400 2229 1454 2290 has

374 2311 583 2375 caeremonias
595 2309 796 2391 injungentis
813 2307 875 2370 tuit
890 2307 933 2370 ad
949 2309 1069 2372 altiora
1079 2309 1218 2375 evehere
1235 2313 1452 2376 israelitarum

372 2399 513 2471 animos,
534 2413 596 2458 uec
610 2395 699 2458 enim
715 2391 948 2475 suspicandum
970 2395 1003 2457 id
1021 2395 1158 2472 factum,
1181 2401 1275 2480 quasi
1292 2397 1382 2464 hisce
1397 2407 1455 2462 ter·

372 2485 457 2547 renis
473 2479 651 2563 spiritualis
668 2479 732 2542 Dei
748 2487 869 2542 natura
883 2479 1122 2560 delectaretur3
1144 2485 1348 2548 contrarium
1365 2491 1457 2548 testa·
1490 2471 1491 2512 ¹

373 2575 430 2632 tur
455 2585 514 2651 per
541 2565 735 2649 Prophetas,
756 2567 813 2648 qui
837 2567 936 2628 toties
960 2565 1095 2630 Jndaeos
1119 2568 1277 2632 socordias
1303 2577 1455 2652 arguunt,

372 2653 462 2738 qudd
488 2657 644 2734 putarent
671 2652 769 2713 ullius
794 2669 865 2716 esse
889 2650 980 2734 opud
1008 2652 1117 2716 Deum
1149 2659 1308 2718 momenti
1336 2659 1455 2738 queris

372 2737 542 2812 sacrificia,
563 2739 613 2800 ita
638 2735 747 2798 Psalm
763 2735 807 2798 xl.
825 2738 856 2797 7.
881 2743 916 2798 et
943 2737 1051 2818 Rsalm
1068 2737 1088 2800 l.
1105 2739 1136 2804 8.
1169 2747 1204 2803 et
1224 2741 1315 2822 apud
1337 2741 1456 2804 lsatam

371 2825 514 2908 passim
547 2840 655 2904 neque
679 2821 789 2882 mirari
812 2819 936 2896 subest,
968 2823 1055 2906 qudd
1082 2824 1175 2886 Deus
1200 2827 1344 2890 voluerit
1371 2827 1458 2890 hisce

372 2907 497 2970 umbris
512 2925 572 2970 sua
586 2905 740 2970 obvelare
756 2907 923 2990 mysteria.
968 2907 1063 2970 istud
1079 2911 1298 2974 conveniebat
1312 2916 1457 2997 apprime

372 2995 532 3077 insontia
554 2991 723 3066 Ecclesiae,
745 3011 815 3074 qum
833 2992 921 3054 hisce
938 2993 1061 3056 umbris
1076 3001 1147 3058 erat
1162 2997 1379 3076 instituenda,
1394 3019 1457 3062 ma·

366 3081 449 3164 ioris
475 3079 557 3142 lucia
584 3075 730 3142 nondum
754 3094 872 3160 capax,
895 3085 1030 3162 propter
1055 3085 1164 3156 tenne,
1180 3081 1320 3164 Spiritus
1347 3083 1457 3148 Sancti

372 3165 586 3239 demensum
607 3171 641 3228 et
656 3167 790 3228 natorae
807 3161 920 3246 populi
934 3163 1115 3240 lsrattitici,
1138 3169 1193 3250 qni
1210 3171 1285 3230 crim
1302 3177 1393 3234 esset
1406 3171 1459 3233 du·

372 3269 414 3314 roe
430 3253 566 3314 cervicis
581 3249 733 3332 populus,
756 3255 789 3312 et
810 3247 852 3310 ad
870 3249 979 3312 cultus
995 3251 1149 3332 profanos
1164 3257 1313 3335 gentium
1336 3275 1459 3340 pronus

370 3335 561 3410 admodum,
583 3335 673 3398 hisce
694 3333 797 3396 veluti
812 3334 967 3396 cancellis
988 3335 1193 3400 cohibendus
1213 3339 1286 3402 tuit.
1329 3339 1367 3406 2.
1391 3343 1459 3406 Istc

371 3423 573 3484 ceremonia
588 3419 631 3482 ad
649 3418 817 3482 Christum
832 3417 1053 3496 adducebant,
1070 3429 1231 3504 quatenus
1245 3431 1356 3503 eraut,
1372 3429 1459 3510 qnasi

351 3507 509 3572 totidem
529 3505 751 3584 consessiones
771 3511 984 3587 peccatorum
1011 3513 1044 3568 et
1069 3510 1204 3572 miserim
1227 3509 1396 3591 humanm,
1425 3532 1460 3576 ac

373 3599 483 3656 reatus
507 3611 563 3674 per
579 3599 751 3674 peccatum
775 3593 951 3668 contracti,
975 3589 1050 3655 Col.
1065 3595 1098 3656 ii.
1113 3594 1159 3656 14.
1184 3595 1270 3658 Heb.
1286 3615 1319 3660 x.
1343 3601 1375 3674 t,
1389 3599 1460 3675 2,3.

372 3677 462 3746 Quid
477 3679 563 3740 enim
585 3674 773 3756 sacrificiis
792 3675 882 3738 aliud
907 3676 1064 3758 agebant,
1084 3697 1183 3760 quam
1198 3701 1234 3744 se
1249 3676 1368 3747 mortis
1384 3705 1459 3748 con·

370 3767 455 3827 scios
466 3763 667 3838 fatebantur,
681 3763 780 3844 quiin
792 3777 888 3824 suum
900 3761 1009 3826 locum
1025 3763 1189 3850 antipam
1204 3767 1459 3834 substituebant.

371 3847 469 3932 Apud
485 3845 667 3931 AEgyptioa
682 3846 853 3932 sacrificuli
866 3847 973 3912 culter
986 3850 1150 3914 bominem
1162 3854 1286 3934 pictum
1305 3851 1459 3932 habebat,

368 3953 468 4019 super
483 3935 578 3998 uitari
590 3933 768 4016 jacentem,
790 3931 834 3996 ad
849 3931 1035 3997 docendum
1054 3935 1172 3998 bestias
1195 3937 1338 4002 hominia
1355 3945 1459 4004 vicem

369 4041 494 4122 gerere,
515 4021 689 4122 ipsumque
710 4023 850 4083 mortem
867 4021 993 4082 mereri.
1038 4019 1126 4090 Quid
1147 4023 1456 4106 purificationibus,

370 4105 593 4267 iiiiii?
607 4105 1039 4276 {iiiiii'eiiiiiiiidi
1053 4107 1459 4280 ttstttttttttttt

367 4275 504 4358 proinde
523 4273 684 4341 desiderio
699 4295 828 4366 summo
848 4277 1034 4365 flagrabant
1055 4279 1197 4364 aliquem
1220 4287 1379 4362 nancisci,
1399 4285 1458 4366 qni
1490 4347 1491 4382 ,
