2994 4996
339 457 383 530 to
658 401 862 526 cunctosin
883 471 1107 530 cucurrerit.
1277 457 1363 548 [tit.
1380 459 1421 522 11.

341 625 453 700 tinem,
474 630 513 690 ut
539 627 765 694 Petrinrcbnm
791 635 948 706 tentrret,
968 629 1132 714 uincique
1151 633 1315 696 statuerat
1329 632 1425 714 impe·

344 711 557 778 dire-fuctum
573 716 770 794 Abrubcmi3
791 719 839 782 sic
853 718 1000 800 apprime
1016 718 1230 782 consentiunt
1241 718 1322 794 brec,
1339 717 1427 782 Dens

346 799 495 869 decrerit
509 801 701 866 Abrebemo
716 805 904 886 precipere,
925 809 964 866 ut
988 819 1085 866 suum
1106 801 1209 866 tilium
1234 807 1370 880 mactet,
1389 800 1430 864 ud

347 907 424 954 eum
454 887 662 962 tentandum,
693 895 727 952 et
751 888 1051 974 rererrissprreoepit
1080 889 1115 951 in
1145 893 1306 974 tempore,
1341 887 1429 952 Deus

347 975 496 1038 decrerit
519 973 701 1038 Abrubumi
727 973 887 1056 impedire
912 973 1049 1049 fectum,
1072 979 1106 1038 et
1132 992 1247 1040 revere
1276 973 1430 1060 impediit.

348 1061 458 1130 ouem
475 1061 644 1124 bellebec
659 1059 860 1126 consonent!

393 1143 455 1209 vl.
480 1145 527 1210 Ut
542 1149 665 1222 omniu,
687 1165 761 1230 quie
784 1165 882 1228 super
909 1145 972 1210 buc
996 1163 1031 1208 re
1052 1145 1142 1208 nesci
1165 1149 1316 1228 possunt,
1337 1143 1433 1208 dubie

348 1237 562 1305 erubescent,
584 1229 825 1296 observandum
849 1237 910 1305 est,
945 1231 972 1294 1.
995 1229 1163 1294 Accurnte
1185 1229 1352 1314 loquendo
1368 1231 1434 1294 uni·

347 1337 509 1386 comesse
532 1315 598 1388 Dei
623 1315 844 1391 voluntatem,
862 1319 1082 1382 decernentem
1107 1317 1245 1384 scilicet.
1287 1317 1319 1380 2.
1344 1315 1433 1380 iilum

348 1404 556 1468 uoluntatem
577 1401 822 1478 decernentem,
843 1421 911 1466 non
933 1407 1063 1468 tentum
1086 1399 1260 1480 definiisse,
1280 1402 1362 1486 quid
1383 1397 1435 1466 fiet

349 1489 394 1551 ab
421 1487 619 1562 hominibus,
642 1487 699 1552 sed
722 1490 823 1552 etiem
848 1507 920 1570 quoe
944 1489 1022 1570 ipsis
1046 1487 1286 1572 prescribenda
1309 1489 1434 1552 suntin

349 1579 510 1656 tempore,
526 1574 579 1638 rel
592 1572 778 1639 revelando.
821 1575 852 1636 8.
883 1571 1091 1638 Voluntatem
1101 1576 1266 1655 precepti
1279 1592 1351 1638 esse
1366 1593 1434 1660 prc-

349 1662 422 1744 prie
437 1661 668 1724 executionem
684 1661 787 1742 pertis
804 1658 984 1720 roiuntutis
998 1659 1226 1736 decernentis;
1248 1658 1336 1722 iilius
1352 1659 1434 1724 scili·

349 1751 407 1808 cet
422 1747 535 1828 pertis,
554 1765 629 1828 qum
645 1743 794 1808 definivit
813 1741 892 1828 quid
917 1745 951 1806 in
976 1751 1125 1828 tempore
1152 1741 1364 1810 revelandum
1387 1747 1435 1818 sit,

349 1830 406 1894 uel
419 1831 676 1918 preripiendum
694 1829 893 1894 bominibus.
938 1827 1101 1912 Exemplo
1114 1847 1164 1894 res
1175 1830 1295 1896 cinrior
1306 1829 1435 1896 erodet:

352 1915 447 1980 Deus
462 1937 521 2001 per
535 1917 740 1982 voluntnteru
758 1916 914 2000 precepit
929 1913 1117 1980 bominibus
1132 1913 1228 1980 fidem
1240 1921 1274 1980 et
1286 1915 1436 1981 obedien·

349 2005 444 2078 tiam,
470 2007 506 2066 ct
531 2001 566 2066 id
589 1998 784 2066 decreuerat
807 2002 1009 2084 precipere3
1038 2001 1119 2064 dum
1145 2003 1294 2086 precipit
1318 2005 1435 2152 infiipue,

1388 2105 1436 2152 em

208 2087 213 2096 “
349 2089 525 2172 exequitur
540 2085 631 2170 quod
646 2085 846 2152 decreverat.
883 2085 982 2156 Quod
995 2085 1022 2150 si
1033 2106 1100 2152 non
1112 2087 1264 2154 omnibus
1275 2087 1333 2152 det

349 2172 442 2236 ilium
458 2191 555 2256 quum
572 2173 732 2256 precipit,
753 2169 788 2234 id
809 2189 877 2234 non
899 2173 1029 2248 mirum,
1051 2191 1128 2236 nem
1149 2174 1197 2238 sio
1221 2191 1354 2257 quoque
1369 2193 1438 2238 exe·

350 2261 466 2342 quitur
481 2257 569 2342 quod
586 2257 745 2332 decrerit,
766 2275 834 2319 non
850 2255 1004 2320 omuibus
1018 2259 1145 2322 scilieet
1160 2255 1240 2324 dere
1254 2257 1375 2336 iidem3
1394 2261 1437 2322 sic
1460 2249 1468 2266 '

349 2343 444 2410 nullu
458 2353 509 2408 est
524 2341 744 2408 contradictio
759 2343 846 2406 inter
860 2343 1063 2408 voluntatem
1078 2346 1254 2434 precepti,
1275 2349 1308 2417 et
1328 2347 1439 2412 mtur-

347 2439 448 2510 tarem
462 2432 690 2508 momen,
707 2426 867 2512 siquidem
880 2445 946 2492 unu
959 2434 1010 2494 est
1024 2432 1154 2496 tuntum
1170 2431 1325 2496 executio
1342 2432 1439 2516 pertis

351 2523 499 2596 ulterius.
1365 2555 1367 2560 ,

398 2607 479 2670 Vii.
503 2601 585 2668 Hec
597 2601 751 2664 roiuotns
761 2597 941 2663 decernens
955 2599 1032 2677 Dei,
1046 2599 1346 2680 immutabilieest3
1367 2603 1438 2688 Ego

349 2692 688 2767 ,ldmoononmutom
734 2685 816 2750 Mul.
828 2686 874 2750 iii.
890 2687 921 2748 6.
945 2687 1178 2756 lrui.xlri.10.
1212 2708 1274 2752 neo
1286 2688 1438 2772 hocopus

354 2779 455 2847 hebet
470 2775 667 2858 probatione
683 2769 840 2838 ulteriori.
884 2771 1151 2856 Insequentibus
1165 2776 1253 2842 enim
1269 2773 1311 2838 de
1327 2777 1439 2840 immu-

352 2863 518 2932 tabilitate
536 2859 612 2934 Dei,
633 2857 754 2938 eteius
769 2854 979 2925 decretorum
994 2855 1171 2924 dicendum
1187 2861 1261 2927 erit.

397 2947 496 3019 v111.
519 2941 638 3020 Libero
657 2943 758 3006 etium
781 2946 831 3004 est
857 2941 1022 3019 voluntte,
1047 2947 1197 3027 quamvis
1221 2947 1308 3010 enim
1360 2947 1439 3010 osito

355 3041 480 3100 eterno
503 3036 581 3094 ectu
607 3026 789 3092 voluntnis
816 3025 892 3104 Dei,
913 3027 1008 3094 ulitur
1032 3029 1116 3094 veile
1137 3048 1204 3094 non
1243 3035 1324 3098 ussit
1375 3050 1440 3102 eur,

356 3119 572 3188 nibilominus
582 3114 767 3182 liberrimus
793 3117 950 3200 estquis
977 3112 1070 3180 De'us
1096 3115 1117 3178 t
1141 3051 1242 3180 nullb
1254 3119 1285 3184 vi
1306 3113 1441 3184 externi

357 3203 607 3278 determinetur,
627 3199 686 3264 sed
710 3202 732 3270 rt
756 3219 791 3260 se
818 3201 889 3280 ipso
915 3199 1008 3276 solo;
1038 3205 1073 3264 et
1094 3203 1172 3285 quie
1185 3209 1304 3287 sponte
1320 3209 1354 3266 et
1370 3221 1441 3268 oum

354 3295 484 3368 petione
498 3303 627 3369 semper
641 3287 720 3368 egit,
735 3303 808 3370 que
820 3291 870 3348 est
883 3303 1013 3352 summu
1026 3283 1171 3350 libertus.
1215 3287 1247 3352 H
1253 3291 1305 3354 uic
1322 3289 1441 3353 liberri-

356 3397 417 3442 me
433 3373 597 3440 voluntati
623 3387 829 3454 quecunque
850 3369 1020 3448 babemus,
1041 3369 1211 3448 debemus,
1232 3380 1268 3440 et
1292 3371 1372 3438 buic
1388 3391 1444 3440 nor

357 3463 553 3528 submittere
567 3475 628 3546 pur
642 3461 704 3534 est,
724 3473 786 3520 nec
801 3453 960 3530 adsersus
980 3475 1054 3528 ecm
1075 3477 1221 3542 uuquam
1240 3477 1443 3534 murmnrpre

359 3550 448 3626 ticet

767 3727 1040 3780 -ῒῧὲἓῖι

768 3873 926 3945 CAPUT
948 3873 1029 3940 v11.

470 4075 519 4138 Dc
532 4071 681 4136 Arcturo
694 4072 794 4136 tuuc
810 4068 975 4140 ummo,
997 4087 1057 4148 pm
1069 4049 1193 4149 (reem
1204 4081 1345 4134 mro.

406 4231 433 4296 1.
456 4232 626 4314 Quemvis
649 4225 802 4316 Affectus
817 4229 850 4292 in
867 4225 942 4294 Deo
958 4249 1024 4294 noo
1040 4233 1116 4309 sint,
1138 4232 1299 4316 siquidem
1310 4231 1450 4298 effectus

361 4337 490 4416 semper
505 4317 676 4405 conjuncti
691 4323 769 4384 runt
783 4333 862 4386 cum
876 4313 991 4406 eliqut
1005 4319 1268 4400 perturbetioue,
1288 4325 1349 4394 out
1363 4337 1453 4392 cem·
