2986 5160
49 489 123 574 usp.
138 485 182 576 1.]
421 497 468 556 urt
490 497 746 556 sucusuusms‘.
1071 482 1136 561 888

48 657 271 724 beneficiorum
285 677 295 735 ς
317 659 355 722 ut
370 661 390 723 i
406 665 500 743 perte
514 661 617 724 nestri
633 667 685 724 est
699 661 855 724 solemnis
869 661 1084 742 gratitudinis
1098 665 1134 729 in

50 741 151 808 Deum
167 743 367 830 inliberrim,
388 745 482 827 ¹quoti
508 764 575 822 nou
603 745 751 827 impedit,
779 749 957 827 quominus
983 746 1138 812 dicemus
1210 811 1211 814 ,

48 830 139 892 etium
155 831 308 891 institute
332 836 540 892 sacramente
555 836 595 892 ut
620 833 687 892 sint
702 830 843 913 publicu
867 832 1077 912 professionis
1099 841 1135 896 et

50 911 142 975 dirici
169 911 282 976 cultus
296 919 438 992 tessere,
454 914 585 994 quibus,
608 915 664 996 qui
689 916 857 997 pertinent
877 913 923 976 url
947 913 1133 982 Ecclesium

49 996 211 1070 risibilem,
227 999 247 1058 ὰ
262 997 397 1080 reliquis
412 998 552 1062 cutibus
572 997 833 1079 distinguuntur.
879 997 1005 1062 Verrlm
1028 1003 1132 1063 omni·

48 1080 103 1143 bns
127 1083 324 1145 mouumenti
352 1085 515 1164 requisitis
545 1081 736 1178 uidendum
767 1089 817 1146 est
846 1083 1001 1146 ultimum
1031 1085 1132 1162 istud,

48 1165 1136 1334 izffltirriiiiiiii:stultitiis''intuiti-’iti

48 1335 110 1396 tim
126 1353 183 1417 per
200 1343 342 1417 tempus.
1134 1366 1138 1376 ·

85 1418 144 1482 lv.
166 1419 357 1482 Necessitas
371 1425 654 1484 sacramentorum
670 1429 738 1484 uon
759 1427 811 1484 est
835 1420 989 1484 ubsnluts
1002 1427 1037 1486 et
1056 1423 1132 1487 sim·-

48 1501 117 1584 plex
139 1506 159 1566 t
185 1511 281 1588 purte
297 1504 375 1580 Dei,
396 1503 454 1567 sed
481 1503 700 1588 hypothetice
718 1510 753 1570 et
776 1509 906 1588 upsrte
927 1509 1042 1584 nostri,
1063 1525 1134 1572 uun

47 1587 128 1666 quod
144 1588 280 1652 verbum
297 1607 381 1671 opus
397 1589 518 1652 hubent
530 1587 599 1651 unt
613 1590 874 1666 confirmatione,
896 1591 1006 1655 sedsd
1022 1593 1131 1656 suble·
1196 1615 1199 1621 ·

46 1671 179 1735 rendum
198 1673 422 1736 infirmitatem
438 1679 608 1749 nostrum
629 1677 773 1739 instituit
789 1677 903 1758 ituque
919 1676 1133 1742 nenecess-

47 1763 161 1833 meutn,
187 1761 217 1822 l.
234 1757 470 1822 Utinflrmitnti
483 1764 602 1822 nostrie
614 1759 1023 1842 consuleretpquinsumus
1032 1762 1132 1826 rudes

46 1845 76 1901 et
86 1841 180 1904 rebus
191 1841 508 1906 sensibilibussffixi.
544 1843 576 1905 2.
589 1844 637 1906 Ut
652 1845 756 1924 magis
769 1861 811 1906 uc
826 1847 930 1926 magis
945 1843 1131 1908 firmaretur

46 1921 128 2000 tides,
149 1929 212 1990 etsi
227 1928 315 1990 enim
330 1943 371 1989 es
386 1925 477 2002 tides,
500 1947 570 2008 quae
588 1929 688 1989 verbo
702 1931 926 2008 ingeneretur,
948 1929 1049 1990 uerbo
1064 1947 1134 1992 sus·

46 2011 159 2074 tenteri
186 2018 298 2094 queat,
319 2017 431 2074 tumen
456 2014 560 2092 mugi·
578 2012 690 2074 adbuc
715 2011 940 2087 coutlrmstur,
961 2013 1041 2094 quin
1060 2031 1132 2076 rer·

45 2089 117 2156 bum
133 2098 320 2178 promiscue
342 2095 499 2158 homiues·
515 2095 713 2179 alloquitur3
734 2109 771 2159 ut
790 2103 998 2160 sncrumeutu
1010 2097 1132 2180 sigillu-

45 2177 98 2239 tim
112 2177 365 2244 ‹lintribuuutun
408 2181 485 2244 lum
510 2187 622 2244 nutem
637 2183 699 2245 etsi
719 2201 793 2262 quue
808 2183 994 2263 promiscue
1009 2199 1132 2266 propc-

46 2271 176 2340 uuutur,
198 2283 312 2329 omnes
327 2283 460 2329 morere
483 2265 637 2344 deberint,
659 2267 739 2349 quic
758 2267 923 2330 neminem
937 2267 1133 2344 excludunt,

45 2348 162 2412 multos
177 2355 288 2415 tumen
305 2349 533 2415 vehementius
548 2352 734 2434 percellunt
747 2371 798 2424 eu,
811 2371 884 2433 ann
899 2351 1067 2433 sigillatim
1082 2369 1133 2415 us·

45 2431 224 2513 signantur,
253 2437 331 2518 quir.
359 2453 427 2497 non
458 2433 558 2496 modo
589 2438 755 2497 nemiuem
785 2434 980 2508 excludunt,
1009 2435 1068 2498 sed
1096 2443 1133 2500 et

45 2533 205 2599 quemque
221 2517 431 2600 peculiariter
452 2517 635 2582 admouent
650 2535 720 2580 rem
742 2519 946 2598 propositum
960 2516 1004 2580 nri
1025 2521 1133 2600 ipsum

45 2605 216 2680 pertinere.
260 2599 389 2662 Rursus
1088 2605 1089 2608 ’

243 2772 486 2850 Segnius-irritant
498 2773 604 2832 unlrnur
616 2773 899 2850 uemrncperoureu

244 2853 336 2920 Quum
348 2871 409 2930 pec
419 2861 484 2912 runt
496 2855 583 2912 oculu
592 2854 855 2932 subjectufirirtibus.

48 3012 192 3081 Verbum
212 3017 290 3082 ierit
308 3015 459 3081 nuditum
483 3021 625 3092 tuntum,
651 3021 860 3080 sscrsments
878 3015 988 3098 plures
1006 3037 1132 3086 sensus.

45 3099 72 3160 8.
89 3101 169 3165 ldeu
179 3103 322 3166 instituit
332 3108 550 3176 sacramente.
565 3103 646 3186 quis
658 3102 751 3165 Deus
763 3100 868 3163 voluit
878 3100 964 3164 idem
977 3108 1139 3184 prestere·

45 3185 75 3247 iu
97 3185 221 3252 ludere
247 3205 319 3262 suo,
339 3202 380 3250 uc
406 3186 443 3249 lit
459 3186 608 3268 quotidie
634 3189 668 3249 iu
695 3184 892 3260 frederibm;
922 3203 1000 3249 num
1024 3189 1057 3250 in
1074 3189 1131 3252 lur-

43 3263 180 3350 tleribus,
202 3291 276 3356 qun
287 3272 533 3336 contrahentur
546 3274 633 3334 iuter
649 3271 809 3344 homiues,
831 3268 1134 3337 musinitusitutus

43 3351 197 3422 ludorum
214 3355 342 3421 tubulus
353 3355 468 3438 sigillis
483 3357 640 3438 utrinque
650 3358 789 3418 munire.

84 3437 126 3503 V.
151 3440 206 3505 Ex
225 3440 323 3505 dictis
332 3443 403 3523 jum
420 3441 517 3504 lecile
535 3441 705 3524 colligitur
720 3439 894 3524 multiplex
907 3439 1036 3517 relatio,
1058 3461 1132 3525 qum

45 3528 90 3586 est
110 3529 198 3590 iuter
223 3525 355 3590 uerbum
376 3533 410 3588 et
423 3528 647 3601 sucrunrentu,
668 3524 833 3608 simulque
854 3525 1032 3590 discrimen
1046 3529 1133 3591 inter

46 3625 104 3683 οη
129 3613 303 3693 utriusque
327 3616 447 3674 unctor
471 3617 523 3674 est
548 3611 652 3685 Deus,
684 3608 939 3675 insumentum
968 3609 1133 3689 Christum

47 3691 240 3772 iuissulus3
261 3694 501 3760 seddistruut.
547 3697 574 3758 l.
599 3695 695 3759 luco
712 3693 800 3778 quud
821 3695 956 3760 vebum
980 3695 1137 3762 absolute
1208 3721 1212 3726 ·

47 3785 93 3840 est
102 3781 335 3854 necesarium,
349 3783 560 3843 racemata
572 3781 701 3842 tuutrlm
713 3799 756 3843 ex
767 3780 956 3864 hypothesi.
999 3780 1031 3842 2.
1049 3779 1133 3844 Ver·

47 3859 120 3926 bum
146 3863 293 3941 cuditur,
325 3871 534 3928 sucrsmentu
556 3863 721 3927 ridentur.
764 3866 795 3928 8.
819 3864 969 3928 Verbum
993 3873 1134 3946 generet

48 3943 150 4026 fidem,
172 3957 380 4013 recrementa
395 3947 603 4012 conlirmunt.
645 3951 678 4014 4.
702 3947 851 4012 Verbum
878 3951 1065 4030 promiscue
1088 3949 1132 4013 url

47 4049 154 4098 omues
168 4033 372 4110 extenditur,
392 4037 601 4096 sncrnmeutu
613 4032 656 4096 sd
672 4033 784 4096 tideler
794 4036 935 4096 tuntum.
979 4035 1011 4096 b.
1027 4034 1134 4098 Adul-

48 4120 85 4178 tis
100 4119 235 4183 verbum
247 4119 382 4206 prodest
397 4119 467 4184 sine
475 4123 694 4198 erumpente,
710 4123 917 4184 sucrumeuts
931 4119 1131 4203 conjurent

47 4201 233 4270 siuersrbu.
1131 4240 1136 4249 ·
