2994 4996
361 494 421 559 166
671 503 873 554 rasouosrs
895 498 1119 552 auursrrsrs.
1298 485 1435 574 [litt.

397 663 523 738 Primi,
544 659 773 736 osiniensis,
796 661 829 722 iu
849 659 970 743 quibus
987 657 1156 720 hominist
1178 675 1279 738 posse
1293 665 1437 741 expressi

355 755 506 832 negetur,
528 754 566 809 ut
580 752 657 811 uum
673 749 707 808 iu
725 745 896 829 Scriptura
910 744 1033 806 dicitur
1047 763 1112 806 non
1132 761 1231 826 posse
1250 762 1381 807 mecam
1393 763 1438 820 ea,
1492 741 1493 808 i

354 853 432 918 quos
444 837 524 896 sunt
539 832 616 908 Dei,
636 833 648 895 l
665 831 744 894 Cor.
755 833 787 894 ii.
805 833 852 894 14.
874 847 937 894 non
946 849 1046 912 posce
1059 847 1095 892 se
1109 829 1272 912 mcjicere
1286 831 1358 912 legi
1371 829 1439 904 Dei,
1492 825 1493 896 ζ

358 921 458 985 uom.
475 920 542 980 viii.
559 919 590 981 7.
613 917 700 982 ninii
711 936 810 998 posse
823 917 961 982 ssorum
976 916 998 976 ὰ
1016 913 1157 986 Cirristo,
1173 914 1250 977 ioh.
1262 933 1317 977 xv.
1328 915 1360 976 5.
1382 933 1439 978 non

354 1001 1033 1088 posssaliquidasseipso,2Cor.iii.6.
1055 1019 1121 1063 non
1132 1001 1336 1082 posseserse
1350 999 1441 1064 tonos
1492 1021 1493 1060 r

347 1093 501 1172 serratus,
519 1087 642 1154 Matth.
659 1089 713 1149 rii.
730 1087 778 1150 18.
801 1107 866 1151 non
878 1105 975 1168 posse
989 1085 1186 1167 benefacere,
1204 1086 1271 1148 ter.
1288 1087 1358 1148 xiii.
1374 1086 1423 1152 23.

402 1175 561 1251 Semendd,
587 1193 630 1238 ex
655 1173 718 1236 iltis
741 1173 833 1246 locis,
855 1173 889 1234 iu
916 1170 1037 1254 quibus
1064 1171 1164 1233 homo
1187 1170 1308 1235 dicitur
1332 1189 1441 1236 servus
1492 1181 1493 1252 ξ

359 1263 489 1344 pecouti
509 1266 544 1324 et
563 1259 697 1336 disboti,
719 1265 753 1321 et
768 1258 842 1320 talis
857 1276 985 1330 seruus,
1007 1258 1064 1338 qui
1079 1258 1356 1338 concupiscentius
1372 1276 1442 1320 con·
1492 1257 1493 1348 ζ

359 1347 530 1428 stringitur
545 1346 681 1428 laqueis,
702 1363 817 1408 seruus
831 1344 1064 1424 comptionis,
1096 1341 1202 1404 iret.
1214 1343 1248 1404 ii.
1264 1344 1313 1406 19.
1348 1344 1441 1424 quiin
1492 1393 1493 1400 ,

356 1431 542 1495 libertatem
557 1431 656 1493 asseri
672 1449 739 1494 uon
756 1436 876 1511 potest,
893 1431 953 1490 uisi
964 1433 1125 1490 assertore
1137 1426 1286 1490 Christo:
1308 1429 1442 1490 servitus
1492 1425 1493 1480 i

330 1511 447 1582 'cuim
463 1514 531 1577 duo
546 1515 716 1596 designat:
754 1515 781 1578 l.
806 1513 1046 1578 Necessitatem
1066 1513 1285 1596 obligationis
1296 1517 1444 1595 perpetu

357 1621 425 1676 am,
447 1601 554 1664 donec
571 1601 737 1663 liberetur.
781 1599 810 1660 2.
837 1598 978 1680 Operum
999 1601 1221 1662 electionum
1235 1599 1381 1660 orarium
1394 1616 1445 1660 ac·
1492 1641 1493 1694 ,

359 1687 647 1750 commotionem
660 1686 707 1748 cd
727 1683 866 1748 Domini
890 1684 1083 1748 utilitatem.
1130 1683 1212 1744 lude
1234 1683 1446 1766 igiturpatet,
1492 1697 1493 1748 t

358 1771 466 1842 nullas
481 1773 566 1834 vires
584 1771 703 1834 habere
718 1777 949 1853 peccatorem
971 1769 1092 1850 quibus
1107 1769 1174 1831 ise
1188 1770 1260 1851 ipso
1276 1771 1445 1840 mouumit·
1492 1751 1493 1818 l

358 1863 460 1932 tatur,
481 1856 534 1919 rel
551 1857 669 1940 quibus
689 1855 815 1939 aliquid
838 1853 968 1929 efficiet,
990 1857 1024 1916 in
1047 1873 1112 1937 quo
1134 1873 1201 1916 non
1218 1859 1308 1917 totus
1321 1854 1366 1917 sb
1381 1853 1446 1917 heri
1492 1847 1493 1930 3

360 1945 423 2019 sui,
445 1945 573 2026 peccati
596 1941 734 2018 scilicet,
755 1947 850 2018 nutu,
873 1938 1026 2022 pendeat.

406 2025 529 2102 Tertio,
551 2045 594 2089 ex
609 2026 672 2090 iilis
694 2028 786 2104 locis,
807 2025 978 2108 inquibus
998 2025 1130 2100 dicitur,
1151 2024 1356 2088 intellectum
1374 2041 1444 2088 eme

357 2131 495 2186 caecunr,
520 2113 772 2189 obtenebratum,
802 2113 869 2174 imo
894 2119 956 2174 uos
980 2131 1050 2175 esse
1075 2111 1232 2186 metrae
1265 2109 1353 2194 Eph.
1367 2129 1399 2173 v.
1416 2108 1448 2172 8.

362 2197 427 2259 Cor
437 2215 584 2278 prauum
598 2201 630 2260 et
639 2197 909 2279 fraudulentam,
925 2195 992 2259 Jer.
1005 2197 1084 2258 xvii.
1102 2197 1132 2258 9.
1166 2203 1329 2274 cussum,
1350 2196 1449 2260 incir-

362 2283 554 2358 cumcisum,
596 2283 718 2346 durum
745 2285 858 2345 instar
888 2281 1093 2357 adamantes,
1131 2281 1235 2344 Zoch.
1260 2284 1314 2344 rii.
1342 2281 1390 2344 12.
1419 2283 1450 2342 et

364 2367 571 2444 mineatum,
593 2365 775 2450 lapideum,
803 2367 924 2434 Erech.
940 2368 1054 2429 xxxvi.
1070 2367 1123 2429 26.
1175 2365 1265 2435 Quid
1290 2369 1381 2431 euim
1406 2365 1453 2428 he

361 2451 498 2535 phrases
523 2450 696 2530 denotant,
714 2455 775 2516 nisi
802 2453 968 2515 hominem
995 2451 1101 2514 nuilus
1124 2450 1168 2514 ad
1193 2453 1340 2516 colestia
1362 2453 1451 2526 sires,

361 2537 416 2600 vel
440 2539 474 2601 iu
500 2539 685 2614 intellectu,
707 2539 759 2602 vel
774 2539 808 2601 iu
829 2537 1003 2602 voluntate
1026 2537 1158 2614 habere,
1188 2543 1222 2600 et
1247 2543 1452 2621 peccatorem

335 2634 342 2645 “
363 2623 457 2686 nihil·
469 2625 539 2686 veri
561 2623 740 2710 spiritualis
766 2641 976 2705 cognoscere,
1001 2623 1055 2686 rel
1080 2623 1162 2685 boui
1183 2629 1337 2706 prostare
1363 2641 1455 2709 posse

364 2711 434 2772 sine
444 2706 557 2771 divino
568 2708 715 2772 auxilio?
738 2706 817 2771 duur
829 2710 916 2771 euim
932 2708 1102 2788 lapideum
1117 2713 1254 2772 vocatur
1268 2708 1342 2785 cor,
1364 2711 1454 2771 noto·

362 2799 420 2854 tur
446 2793 530 2855 iilud
555 2813 626 2857 esse
645 2793 847 2867 insensibile,
879 2792 1073 2876 inflexibile,
1097 2795 1269 2871 resistens,
1294 2797 1455 2868 terrestre,

365 2878 492 2952 sterile,
514 2877 765 2961 infrugiferam,
787 2881 950 2941 mortuum
964 2881 996 2940 et
1010 2881 1093 2942 uitae
1107 2897 1234 2960 emere.
1492 2921 1493 2976 ,

409 2959 545 3037 Quarto,
567 2983 609 3026 ex
624 2967 663 3025 iis
678 2963 770 3038 locis,
785 2965 819 3025 in
836 2963 956 3045 quibus
967 2961 1088 3026 dicitur
1105 2971 1264 3039 mortuus,
1282 2965 1371 3048 spu.
1384 2967 1416 3028 ii.
1429 2965 1455 3027 l.

242 3077 245 3081 ·
312 3089 318 3104 .
367 3066 434 3111 uon
451 3056 586 3131 propter
602 3045 798 3132 afflictiones
811 3049 934 3130 quibus
948 3049 1135 3132 exponitur,
1150 3067 1217 3111 uon
1230 3059 1365 3134 propter
1379 3070 1457 3114 mor·

368 3133 536 3197 talitatem
559 3137 719 3218 corporis,
745 3155 812 3198 nou
833 3139 968 3217 propter
991 3151 1137 3217 angam
1156 3137 1381 3213 concientia,
1403 3133 1458 3198 sed

369 3225 506 3302 propter
530 3221 780 3286 dissolutionem
808 3221 943 3282 unionis
967 3239 1040 3282 uem
1066 3219 1147 3293 Deo,
1177 3225 1212 3282 et
1237 3224 1460 3303 montianum

369 3305 578 3382 sanctitatis,
601 3323 672 3388 qus
693 3323 773 3368 vers
792 3305 862 3367 sits
876 3311 936 3380 est,
958 3315 991 3367 et
1007 3311 1044 3366 ut
1060 3311 1172 3386 petest
1187 3325 1254 3369 uon
1277 3307 1353 3390 plus
1369 3325 1461 3391 posse

370 3387 415 3450 ud
430 3393 481 3453 sui
504 3392 753 3454 couversionem
768 3397 988 3474 peccatorem,
1010 3393 1110 3474 quim
1126 3397 1291 3455 mortuum
1306 3393 1349 3456 sd
1366 3413 1403 3455 se
1418 3391 1462 3455 ri·

370 3473 586 3539 viduandam.
631 3475 796 3558 Equidem
817 3495 883 3538 uon
905 3475 1124 3550 diffitendum,
1146 3476 1287 3540 multum
1310 3475 1460 3542 essedis·
1492 3469 1493 3554 i

370 3561 516 3625 criminis
531 3563 617 3624 iuter
632 3565 799 3624 mortuum
815 3569 849 3624 et
863 3568 1083 3643 peccatorem,
1098 3563 1131 3623 iu
1148 3581 1188 3624 eo
1203 3563 1291 3646 quod
1302 3566 1337 3627 iu
1354 3569 1462 3626 morte
1492 3571 1493 3630 i

370 3643 544 3729 corporet,
567 3646 666 3709 horno
689 3645 887 3710 destituetur
906 3647 1059 3710 omuibus
1074 3646 1198 3710 viribus
1213 3647 1256 3710 sd
1271 3647 1462 3731 agendumr
1492 3671 1493 3732 r

370 3732 406 3794 ia
429 3739 535 3795 morte
554 3735 632 3795 vero
647 3733 808 3814 spirituali
830 3734 957 3794 tautum
980 3731 1103 3794 viribus
1118 3731 1160 3796 ad
1176 3732 1321 3810 bonum3
1355 3731 1463 3798 initii
1492 3733 1493 3760 ¹

370 3816 532 3880 tollantur
547 3817 733 3891 facultates,
748 3819 782 3879 iu
793 3815 856 3879 isti
867 3815 1033 3881 rectitudo
1042 3819 1170 3882 uncum
1182 3819 1337 3897 tulletum
1360 3823 1396 3884 in
1410 3819 1464 3883 iliu

371 3901 473 3965 homo
489 3923 556 3966 uon
572 3907 724 3967 teneatur
739 3903 781 3965 sd
797 3907 845 3966 sui
863 3903 1129 3979 vivificationem,
1150 3905 1184 3967 in
1200 3905 1265 3968 ista
1279 3905 1462 3990 obligetur:
1492 3961 1493 3974 ,

368 3987 428 4052 sed
444 3995 557 4052 munet
572 3995 681 4053 tumen
697 3988 877 4052 similitudo
893 3989 927 4052 iu
951 3989 1026 4064 hoo,
1047 3987 1147 4072 quod,
1170 3997 1209 4052 ut
1223 3997 1378 4056 raortuus
1396 3987 1464 4054 riti

369 4079 506 4150 naturus,
530 4083 628 4158 utque
639 4073 722 4138 odeo
734 4077 823 4140 omui
839 4093 935 4138 seusu
950 4079 984 4138 et
998 4085 1093 4137 motu
1107 4076 1267 4158 privatur,
1281 4079 1330 4141 its
1344 4095 1464 4162 pecca·

368 4159 422 4255 tor
437 4159 517 4258 m
541 4163 653 4262 gratiss
676 4159 885 4262 destituetur,
907 4165 942 4224 et
962 4179 1091 4224 omnem
1113 4165 1242 4225 motum
1266 4169 1302 4226 et
1326 4180 1464 4228 sensum

365 4245 570 4322 spirituatem
585 4251 718 4310 smrttrt.
763 4245 889 4310 Rursus
904 4245 1157 4322 observandum,
1173 4249 1277 4332 magis
1291 4256 1467 4312 mortuum

364 4323 545 4396 uoeuduu
559 4349 630 4398 osse
644 4337 854 4418 peecatorem
869 4333 969 4420 quun
984 4331 1151 4402 hominm
1167 4335 1227 4418 qui
1237 4332 1364 4404 dioitm
1379 4353 1470 4400 mor·
1492 4319 1493 4348 ¹
