3000 4998
358 427 424 514 ios
678 449 882 504 rsaouoers
902 449 1127 502 murreus.
1261 431 1449 521 [tecvm

397 616 622 682 observamus
631 609 753 692 priano,
769 609 879 672 Deum
890 627 958 672 non
973 606 1196 672 considerasse
1209 623 1324 672 ornnes
1343 624 1449 688 ange·

353 705 404 772 los
418 705 452 766 ln
468 699 586 766 εοάειιι
597 703 697 772 statu,
710 703 748 758 ut
761 693 982 758 consideravit
992 712 1106 756 omnes
1116 692 1268 758 nomime
1277 693 1311 758 in
1324 692 1447 756 andern

353 785 461 856 messi
475 783 707 867 corruptionis,
721 779 779 844 sed
793 799 851 844 eos
864 779 1012 863 angelos,
1027 781 1083 862 qui
1097 778 1195 842 electi
1211 783 1299 852 sunt,
1313 785 1448 862 epecta-

352 884 406 942 toa
420 893 501 949 ease,
513 877 551 934 ut
565 874 704 944 eramo,
719 867 775 949 qui
790 869 869 930 reri
882 865 1048 949 reprobati
1064 872 1153 941 sunt,
1168 871 1207 926 at
1220 866 1342 945 lapsos.

395 959 554 1034 Scormdo,
569 955 740 1020 electionis
755 953 918 1016 bonorum
932 950 1125 1033 engelorum
1146 949 1230 1012 dnos
1244 969 1315 1014 esse
1332 955 1446 1025 actus,

356 1047 385 1112 1.
405 1045 579 1110 Decretum
589 1037 870 1118 eoaccsfinaoadi
883 1039 921 1100 in
934 1037 1025 1100 dono.
1067 1039 1100 1098 2.
1118 1033 1445 1100 Dertisctiouemcd

353 1133 463 1198 citam
478 1133 510 1194 et
519 1129 724 1210 felicitatem
737 1127 1036 1206 supernaturalem-
1083 1121 1171 1184 Dico
1191 1121 1217 1186 l.
1236 1121 1444 1186 ditectionem

353 1217 545 1300 angelorum
556 1211 667 1277 dicere
681 1213 844 1274 decretum
856 1227 910 1271 eos
925 1205 1146 1286 corafirmcndi
1160 1209 1197 1270 in
1212 1205 1315 1268 douo:
1336 1214 1377 1268 et
1390 1207 1444 1272 hlc

350 1301 532 1368 notandum
546 1297 682 1380 engelos
691 1297 809 1370 bonos,
821 1297 1006 1378 priusquam
1019 1291 1303 1366 confirmarentur,
1314 1295 1445 1356 stetisse

351 1407 411 1474 por
425 1405 481 1452 eas
496 1388 592 1460 vires,
606 1401 689 1466 quas
699 1385 900 1464 acceperant
914 1397 1029 1442 omnes
1043 1381 1076 1440 in
1097 1373 1158 1441 sui
1172 1379 1339 1442 creatione
1351 1399 1362 1453 ;
1385 1377 1445 1442 sed

351 1479 426 1560 post
452 1473 581 1555 lepsuna
605 1467 770 1532 malorum
793 1466 1000 1548 angelorum.
1026 1465 1060 1526 in
1090 1465 1258 1546 premium
1289 1481 1442 1546 persore-

350 1561 465 1630 rantie
490 1555 701 1620 confirmatos
726 1555 776 1616 ita
799 1552 911 1627 luisse,
935 1555 972 1612 ut
994 1552 1052 1632 qui
1078 1549 1177 1612 antei
1197 1547 1313 1612 labiles
1334 1553 1444 1624 erant,

349 1644 492 1728 amplius
507 1640 572 1705 labi
585 1659 651 1703 non
664 1639 799 1721 possint.
843 1636 935 1700 Nori
956 1635 1102 1718 quidem,
1118 1633 1315 1718 quibusdam
1331 1633 1442 1698 Theo·

351 1731 436 1814 logis
447 1727 632 1812 displicere,
643 1724 709 1788 dici
722 1725 825 1786 bonos
836 1721 972 1804 angelos
983 1719 1194 1802 mapinnotoa
1205 1721 1307 1782 tuisse
1319 1723 1340 1784 i
1354 1720 1442 1798 Dec,

352 1819 432 1902 quic
453 1813 495 1878 de
522 1813 585 1875 hoc
606 1813 778 1892 Scriptura
802 1808 899 1885 silet3
922 1809 1148 1870 existimantes
1170 1813 1281 1868 tamen
1303 1805 1442 1888 angelos

351 1903 453 1966 inisse
467 1897 678 1963 confirmatos
693 1893 840 1976 amplo
854 1895 1007 1968 ultorium,
1026 1889 1114 1976 qnod
1129 1911 1186 1954 eos
1212 1890 1307 1954 valde
1321 1911 1441 1972 percn-

350 1987 401 2062 lit,
417 1993 451 2050 et
462 1985 606 2066 propriu
621 1980 839 2062 expulsam,
853 1981 1047 2060 quippeqoi
1063 1977 1174 2060 plnres
1186 1982 1281 2040 actus
1294 1973 1364 2038 edit
1381 1977 1441 2038 bo-

351 2091 424 2146 nos,
446 2072 480 2132 in
499 2071 537 2131 iis
553 2069 696 2130 maxime
710 2063 945 2137 confirmatur;
966 2061 1023 2124 sed
1046 2065 1221 2144 ignoscant
1234 2063 1260 2124 si
1274 2063 1308 2124 in
1322 2080 1439 2124 eorum

350 2155 549 2220 sententiam
565 2169 631 2214 non
647 2167 741 2212 eom:
764 2149 790 2210 si
806 2167 873 2210 non
889 2147 1028 2213 iuisseni
1046 2151 1067 2212 d
1083 2147 1158 2212 Dec
1180 2147 1366 2212 confirmati
1383 2165 1441 2210 an·

349 2241 549 2390 gililaw
563 2235 824 2384 adhqcnqrhqtrqqp
841 2231 1249 2393 nqtnnqqqupphpqqpude‘pp
1262 2238 1354 2380 ίῗιιιιι
1370 2251 1442 2296 mn·

410 2343 455 2402 ιι,
495 2340 550 2386 uia
565 2339 630 2402 quo
835 2337 870 2380 es
1285 2337 1441 2384 rcerean.

350 2411 443 2498 gelos
454 2343 628 2472 nllutabiles
639 2403 822 2480 esse,nobis
832 2423 898 2466 non
911 2402 1081 2486 probatur.
1104 2403 1134 2466 2.
1145 2403 1442 2470 DicoEtectionesn

350 2496 546 2580 angelorum
556 2492 666 2557 dicere
680 2491 934 2554 destinationem
947 2490 996 2552 orl
999 2489 1204 2568 felicitatem
1215 2493 1251 2554 et
1264 2492 1375 2556 citum
1387 2507 1441 2556 ω.

349 2582 610 2667 pemcturolem.
655 2576 750 2642 Nihil
764 2577 852 2640 eninr
869 2575 981 2638 obstat
993 2595 1055 2638 cnr
1070 2594 1137 2640 uon
1154 2575 1272 2640 eodem
1288 2575 1441 2643 nodode

350 2668 639 2754 predestinatione
652 2663 848 2744 engelorum
870 2659 1071 2743 judicemus,
1096 2679 1138 2725 ac
1162 2659 1206 2726 de
1230 2659 1440 2744 praedestine-

350 2755 442 2816 tione
458 2751 640 2821 hominum,
652 2749 805 2830 quemvis
815 2745 1136 2829 superhacmateria
1145 2747 1273 2830 aliquid
1282 2747 1442 2814 audacter

351 2837 487 2902 delinire
499 2837 541 2897 sit
556 2836 776 2896 temerarium.

399 2921 522 2995 Tertio,
543 2919 667 2983 electos
682 2937 748 2980 non
764 2916 829 2980 dici
846 2936 952 3000 posse,
966 2922 1027 2980 ant
1045 2917 1258 2984 confirmatos
1272 2921 1292 2984 l
1308 2919 1443 2984 Christo

351 3007 547 3081 Mediolore,
570 3006 648 3088 quia
668 3005 724 3066 ubi
748 3023 815 3066 non
837 3010 889 3068 eet
911 3012 1097 3088 peccatum,
1119 3005 1165 3069 ibi
1187 3025 1258 3070 non
1278 3005 1378 3070 locus
1394 3009 1442 3070 est

351 3093 555 3158 mediationi.
589 3087 758 3154 Mediator
768 3091 875 3152 omnis
888 3093 1045 3172 supponit
1062 3097 1171 3173 partes
1185 3090 1396 3167 dissidentes,
1409 3097 1443 3156 sl

351 3179 479 3243 nullum
506 3175 675 3240 dissidium
691 3175 756 3238 iuit
777 3177 863 3238 inter
880 3175 990 3238 Βειιιιι
1004 3181 1041 3237 et
1063 3177 1211 3258 angelos.
1256 3177 1288 3242 A
1306 3175 1441 3242 Cheimo

349 3271 389 3328 ut
405 3263 476 3326 Deo
490 3263 587 3326 electi
602 3267 691 3335 sunt,
711 3281 779 3324 non
797 3265 835 3322 nt
847 3262 1058 3342 redemptore.
1103 3261 1284 3346 Nunquam
1300 3271 1442 3330 vocatur

351 3349 503 3413 Christus
532 3347 694 3411 pudicior
723 3347 929 3428 nugatorum,
953 3345 1012 3409 sed
1041 3347 1208 3413 merom
1230 3353 1381 3425 tantum,
1410 3353 1442 3412 et

348 3437 501 3519 quamvis
517 3437 605 3496 recte
620 3437 732 3517 posset
746 3431 810 3494 dici
827 3438 929 3512 capnt
943 3431 1151 3513 angelornm,
1173 3435 1250 3517 quic
1261 3436 1322 3518 ipsi
1341 3434 1443 3502 medi·

349 3523 434 3584 atori
450 3519 591 3583 subsunt
613 3517 735 3599 angeli,
757 3523 913 3598 tanquam
939 3515 1086 3580 Domino
1107 3527 1143 3582 et
1165 3522 1245 3602 regi,
1267 3537 1441 3603 nunqnam

348 3613 460 3670 tamen
475 3604 509 3667 id
526 3603 657 3685 legitur,
679 3601 736 3666 sed
752 3602 906 3664 Christus
916 3603 1042 3666 dicitur
1057 3611 1186 3670 uotum
1207 3604 1307 3670 datus
1324 3605 1442 3670 Eccle-

347 3693 404 3757 aio
426 3691 488 3756 soli
513 3691 547 3752 in
571 3691 685 3770 caput.
731 3687 863 3765 Omnia,
890 3687 1008 3763 iateor,
1038 3693 1256 3756 reconciliato
1279 3691 1441 3758 dicuntur

348 3777 421 3844 Deo
431 3795 497 3860 per
513 3775 691 3849 mensum,
704 3791 789 3855 pace
806 3793 868 3856 prr
881 3777 1083 3858 sanguinem
1096 3781 1171 3860 ejas
1185 3779 1303 3858 suctu.
1323 3777 1405 3842 Col.
1420 3777 1439 3840 i.

346 3863 400 3928 20.
423 3863 480 3926 sed
506 3861 619 3924 omnio
639 3861 857 3943 tontqursm
877 3863 1148 3927 reconciliatione
1175 3863 1388 3948 indigebant,
1408 3865 1440 3928 et

371 3969 419 4014 um
432 3953 453 4014 i
465 3949 540 4013 Deo
554 3965 612 4031 per
623 3954 799 4030 peccatum
810 3947 924 4019 divisa,
935 3947 1020 4030 qnod
1033 3947 1075 4011 de
1090 3949 1225 4032 cogetis
1235 3947 1302 4012 dini
1313 3949 1438 4032 nequit

347 3969 420 4098 lut
434 4037 460 4098 al
482 4033 672 4118 denegetis
693 4033 758 4096 hoc
779 4033 947 4116 explicere
963 4032 1066 4110 malis,
1090 4033 1144 4098 hlc
1153 4033 1295 4100 docebit
1310 4036 1437 4100 tantrlrn

346 4117 529 4200 Apostolus
546 4118 716 4184 Christum
731 4137 815 4202 pace
830 4117 930 4190 tacu,
945 4117 1081 4202 angelos
1091 4139 1169 4184 otuu
1182 4119 1379 4186 homininum
1394 4139 1436 4182 re·

347 4205 553 4280 conciliasse,
573 4209 621 4269 sic
642 4213 681 4268 ιιι
701 4205 811 4289 ponite
837 4203 1010 4280 seditione,
1032 4205 1110 4268 boni
1133 4207 1222 4272 cuer
1242 4213 1277 4268 et
1303 4205 1435 4270 rebelles

347 4289 618 4366 reconciliantur,
651 4295 689 4354 ut
715 4289 778 4354 sub
807 4287 924 4354 eodem
953 4292 1103 4376 principe
1132 4291 1308 4376 tranquille
1336 4294 1435 4356 auara

348 4375 546 4458 transigant.
