3000 4998
49 483 134 568 vttrp.
147 481 193 568 4.]
498 497 545 548 as
566 497 711 550 ausura.
1078 487 1137 556 199

58 651 167 718 Timor
177 653 266 716 enirn
283 669 349 714 non
366 655 570 731 estuat-uilio,
586 655 791 737 diffidentia,
813 653 1063 734 desperationis,
1075 644 1138 720 seit

47 739 182 814 filictia,
203 739 420 817 humititatis,
439 747 634 804 wucrcots‘ae
649 748 682 804 et
693 742 769 822 pioe
782 741 1017 806 solicitudinis.
1053 741 1137 804 Dua

54 833 125 886 sunt
140 827 243 887 animi
260 835 378 906 pestes,
401 845 473 908 quas
491 825 585 888 tuem
609 845 821 906 corrumpere
836 825 954 900 colent,
975 833 1139 890 accurunt

53 911 178 984 coenis,
200 917 235 972 et
260 911 368 972 unioni
389 911 559 991 superbio,
583 915 715 992 utrique
736 912 825 972 malo
848 911 999 974 medetur
1019 915 1137 974 timor:

54 997 222 1076 superbia,
245 997 343 1056 timor
355 997 558 1061 humititatis
572 1003 603 1060 ct
618 998 831 1066 reuerentioee
855 998 1025 1058 securitati
1040 1001 1139 1060 timor

54 1081 291 1154 solicitudinis,
313 1082 354 1142 ad
379 1083 565 1163 usurpanda
583 1083 696 1144 omniu
717 1081 825 1144 medic
847 1084 1041 1143 necessaria.
1086 1081 1140 1145 Ex

52 1167 156 1244 primo
179 1165 278 1228 discit
293 1165 396 1228 fidelis
419 1167 585 1230 humiliter
600 1167 642 1230 de
657 1186 691 1228 se
706 1169 839 1240 sentire,
860 1173 895 1228 et
911 1166 1084 1246 magnifice
1098 1165 1140 1228 de

57 1251 144 1325 De03
172 1271 216 1316 ex
232 1253 337 1316 attero
352 1251 479 1334 colligit
495 1273 561 1316 uon
577 1247 835 1334 segnescendum
852 1253 885 1314 in
903 1254 958 1312 via
973 1251 1097 1312 salutis.
1115 1267 1118 1312 1

91 1337 250 1418 Septtmc,
273 1343 371 1400 ceute
386 1346 420 1400 et
436 1339 616 1420 prudenter
631 1339 815 1400 doctrinam·
834 1339 928 1398 istam
945 1335 988 1398 da
1002 1339 1139 1399 certitu·

56 1419 123 1484 dine
139 1422 402 1504 proponendam,
419 1423 461 1486 ud
478 1427 753 1486 conscientiarum
770 1421 964 1484 afflictarum
980 1422 1139 1498 solamen,

56 1525 114 1568 uon
138 1505 183 1568 ad
209 1508 422 1588 prolauarunr
450 1513 668 1582 securitatem,
693 1528 755 1570 nec
782 1525 929 1589 uuquam
958 1507 1138 1588 urgendum

55 1611 129 1668 csse,
152 1595 232 1674 quin
255 1593 396 1656 subinde
418 1595 685 1658 sanctificationis
711 1601 746 1655 et
769 1595 969 1675 poenitentia
993 1593 1139 1657 studium

55 1677 252 1759 injungatur.
297 1679 331 1740 Si
358 1681 429 1760 quis
455 1689 592 1762 quierat,
623 1679 788 1763 quomodo
819 1678 860 1740 de
890 1696 951 1740 sua
975 1676 1140 1742 electione

54 1767 171 1844 poterit
193 1783 264 1826 esse
286 1771 419 1840 certus;
449 1785 639 1847 responsum
664 1766 727 1827 hcc
751 1764 893 1838 habeat3
925 1761 1035 1830 Deum
1055 1762 1139 1824 dnos

54 1849 150 1910 libros
175 1854 387 1926 concessisse,
409 1869 450 1912 ex
477 1853 596 1932 quibus
623 1849 705 1914 illud
733 1849 842 1926 colligi
867 1853 994 1929 potest:
1019 1848 1139 1912 itonam

55 1937 250 2014 Saeptum,
273 1935 393 1997 lotorum
411 1935 639 2000 Cmtacicotioe.
685 1936 725 1996 ln
746 1933 831 1995 libro
846 1933 1034 2013 Scriptum
1059 1932 1140 1996 deli·

54 2024 135 2082 neati
152 2029 232 2082 sunt
247 2019 418 2082 electionis
434 2021 663 2098 characterem
696 2024 729 2082 iu
754 2019 973 2082 Conscientiae
989 2018 1074 2080 tetro
1094 2017 1140 2080 le·

53 2125 124 2251 gerp
139 2109 348 2254 ‘lnisssslffl’
370 2125 412 2168 an
428 2107 604 2256 112105όῖμά
619 2107 816 2256 setinveniat
831 2104 1048 2252 clitargctgpes.
1094 2101 1140 2166 Hi

54 2209 108 2251 sun
171 2236 178 2251 .
233 2210 408 2254 eceman.
466 2237 472 2254 .
549 2213 650 2256 eume
702 2211 724 2254 u
749 2209 879 2254 croco.
942 2235 949 2251 .
992 2207 1139 2252 socerum

53 2277 246 2338 sanctitatis
258 2276 417 2340 studium.
461 2278 494 2341 4.
518 2283 620 2342 Aoaor
636 2192 706 2340 Πέ
716 2212 780 2338 ξονι
789 2273 947 2356 fucatus,
963 2273 1138 2357 etquidem

53 2363 80 2424 in
95 2361 213 2424 mediis
227 2364 391 2425 arumnis.
427 2364 458 2424 5.
485 2364 587 2430 Amor
604 2366 845 2445 mazicorum,
865 2365 968 2424 etiam
987 2362 1140 2436 iniurien-

51 2467 129 2512 rura.
174 2449 207 2510 6.
234 2447 297 2509 Cor
312 2449 680 2532 mundumsuatidieoa‚
711 2449 878 2510 eternium
895 2447 1064 2510 anticione.

453 2617 738 2656 ᾰ--ῑςῖ
782 2682 799 2698 ..

476 2747 631 2813 CAPUT
655 2747 717 2815 IV.

451 2919 499 2976 De
519 2917 749 2996 amalacitae*

93 3081 308 3148 l.D1xttws
337 3075 532 3166 quibusdum
564 3075 760 3140 destinatam
792 3075 892 3138 tuisse
921 3075 1073 3148 alutem,
1105 3081 1140 3138 ct

54 3169 208 3250 quosdam
225 3169 348 3232 electos
364 3169 475 3239 luisse,
496 3181 563 3225 non
580 3159 728 3224 omnium
751 3164 863 3242 itaque
881 3159 972 3222 Deus
989 3163 1141 3221 misertus

55 3263 106 3316 ert.
134 3255 187 3316 Illi
199 3260 320 3325 autem,
333 3269 472 3334 quorum
485 3267 551 3311 uon
563 3255 613 3310 ert
623 3249 785 3322 misertus,
796 3247 955 3309 dicontur
964 3243 1141 3325 reprobato

93 3341 141 3406 11.
178 3339 261 3401 Dari
294 3335 566 3422 Reprcbctiooem
595 3331 804 3416 quorundam
839 3332 1010 3394 homiuum
1041 3329 1155 3392 docet*

55 3431 121 3488 tota
149 3425 341 3506 Scripturc3
376 3421 473 3484 Rom.
490 3423 533 3483 ix.
551 3419 603 3481 22.
639 3417 805 3481 *Meminit
832 3417 956 3480 Paulus
981 3432 1140 3484 umorum

54 3514 114 3574 irae
139 3511 186 3572 cd
208 3511 379 3572 interitum
405 3511 605 3589 optatorum,
628 3512 662 3568 et
679 3505 785 3586 ludas
807 3523 889 3566 vers.
904 3503 936 3564 4.
959 3503 1008 3563 ait
1027 3499 1140 3562 moio-

55 3601 161 3660 trceaa
174 3595 321 3658 bominac
336 3596 468 3674 impios,
490 3595 569 3654 otim
584 3591 630 3652 od
643 3591 702 3652 troc
715 3590 886 3673 judicium
900 3589 1053 3670 scriptos.
1139 3583 1141 3588 ’

97 3683 162 3744 111.
187 3681 285 3742 Hunc
310 3680 572 3762 reprobationem
595 3678 694 3738 luisse
715 3677 758 3738 ab
779 3683 902 3738 oeterno
919 3675 1089 3756 probatur,
1113 3670 1142 3733 l.

53 3765 138 3832 Quia
153 3767 247 3828 nulla
267 3773 317 3826 est
332 3767 427 3838 ratio,
449 3783 510 3826 cur
524 3764 620 3824 aliter
634 3761 678 3823 de
699 3763 931 3843 reprobatione
945 3777 986 3821 ac
997 3757 1039 3819 de
1055 3754 1143 3816 elec·

53 3855 142 3916 tione
147 3851 347 3934 judicemus.
380 3851 410 3911 2.
428 3849 517 3916 Quia
534 3855 695 3929 repugnat
706 3847 771 3908 Dei
788 3863 921 3908 summae
933 3841 1141 3926 perfectioni,

51 3937 175 4021 aliquid
191 3937 260 3999 fieri
276 3939 309 3998 in
326 3943 485 4018 tempore,
507 3933 631 4014 dequo
648 3951 713 3992 uon
729 3933 881 3993 statuerit
897 3929 939 3992 ab
954 3935 1089 4000 aeterno,
1104 3931 1140 3988 et

50 4025 128 4085 talia
148 4024 197 4086 illi
220 4021 357 4086 consilia
377 4019 544 4100 affingere,
566 4035 639 4098 qua
663 4019 695 4077 in
716 4021 865 4097 tempore
886 4014 1019 4078 demum
1040 4017 1140 4094 captu

50 4115 169 4184 ment,
192 4111 261 4171 eto
276 4111 384 4170 causis
398 4103 552 4169 secundis
567 4107 676 4163 essent
691 4119 857 4183 suspensa.
1169 4105 1172 4114 ·

76 4307 89 4330 ⁰
106 4305 170 4352 flac
180 4317 223 4354 roa
235 4303 423 4368 Reprourtoois,
438 4297 624 4349 lielensurihur
633 4297 753 4360 tullonis
761 4293 945 4358 compositarum
956 4293 980 4343 ln
991 4293 1036 4344 hoc
1051 4291 1137 4340 colica

47 4365 218 4424 betoaenea,
232 4367 375 4429 repnttatur.
409 4365 460 4418 Bt.
