3012 5000
352 458 411 522 170
681 465 883 518 rusonocrs
904 463 1127 518 cunrsmaus.
1263 445 1350 532 [tu.
1365 449 1426 512 vt.

341 627 570 699 servarentur;
600 641 662 686 nec
686 623 827 686 mundus
851 643 909 707 per
924 627 1126 686 momentum
1142 617 1344 694 subsisteret,
1366 619 1427 683 nisi

342 713 436 774 Deus
451 713 513 774 iret
528 727 586 793 per
600 727 724 783 omnes,

495 883 643 957 Terrorque
657 885 811 954 boumque
824 879 917 948 maris,
938 879 1084 954 columque
1095 877 1273 956 predandam.

343 1047 577 1110 creaturarum
594 1045 681 1108 enim
697 1045 838 1107 essentia
852 1041 977 1106 nullam
987 1044 1020 1106 in
1035 1062 1095 1105 suo
1110 1045 1274 1124 conceptu
1287 1039 1429 1104 insolvit

342 1133 561 1194 existentiam.
606 1129 713 1204 Unde,
735 1147 778 1192 ex
803 1147 843 1190 eo
867 1127 959 1211 quod
983 1129 1047 1190 boc
1071 1136 1238 1190 momento
1260 1127 1336 1201 sint,
1359 1145 1427 1189 non

344 1219 493 1300 sequitur
507 1217 655 1297 sequenti
671 1221 838 1278 momento
854 1233 924 1277 esse
939 1214 1077 1276 futuras.
1121 1211 1234 1294 Atque
1246 1211 1316 1274 brec
1328 1229 1431 1274 causa

343 1303 417 1378 luit,
438 1321 497 1365 cur
512 1305 629 1363 auctor
647 1299 736 1362 Libri
751 1299 793 1362 de
810 1299 950 1374 Mundo,
974 1299 1081 1362 Deum
1098 1301 1269 1378 comparat
1282 1315 1361 1360 cum
1379 1297 1430 1360 bis
1486 1321 1489 1426 1

343 1387 516 1471 lapidibus,
538 1405 620 1468 quos
635 1385 744 1448 Graeci
764 1387 904 1467 lppesor,
928 1385 1037 1448 Latini
1061 1382 1233 1447 unmilrboe
1246 1382 1429 1465 appellant,

343 1476 399 1554 qni
415 1475 517 1542 totius
540 1473 647 1552 operis
669 1475 795 1533 arcuati
811 1489 1002 1552 compagem
1028 1469 1153 1530 firmam
1179 1472 1327 1544 tuentur,
1349 1469 1429 1550 qnia
1488 1428 1490 1514 i

345 1557 438 1620 Deus
454 1559 555 1618 totius
572 1556 712 1618 universi
728 1555 959 1618 cohaerentiam
975 1558 1126 1618 sustinet.
1490 1534 1491 1612 i

391 1642 538 1708 Tertium
551 1647 780 1722 argumentum
796 1642 926 1703 elicitur
941 1659 983 1703 ex
1008 1642 1090 1702 miro
1105 1659 1216 1705 rerum
1238 1643 1427 1707 creatarum
1491 1638 1492 1708 i

343 1727 457 1790 ordine
473 1735 506 1789 et
522 1727 712 1802 hermonia;
743 1729 796 1788 oui
812 1728 898 1788 euim
920 1724 976 1788 fiet
998 1725 1165 1804 credibile,
1187 1733 1316 1788 tantum
1338 1743 1431 1788 crec-
1491 1723 1493 1782 i

342 1821 489 1875 turarum
514 1829 697 1884 numerum,
719 1817 786 1872 tam
810 1811 943 1874 diverses
967 1817 1103 1886 naturus,
1125 1831 1183 1895 per
1198 1815 1250 1874 tot
1267 1810 1430 1874 seculain
1493 1848 1494 1864 κ

343 1897 459 1962 ecdem
474 1902 564 1959 statu
585 1915 716 1960 manere
737 1899 807 1960 sine
828 1896 984 1979 singulari
1005 1897 1147 1960 numinis
1170 1893 1274 1960 card?
1304 1899 1431 1978 etquis
1494 1952 1495 1972 ,

345 1982 532 2058 crediderit,
561 1988 725 2045 astrorum
754 2001 870 2046 cursus
896 1987 930 2044 et
959 1989 1144 2066 temporum
1175 1980 1429 2057 vicissitudines,
1495 2058 1496 2066 ἵ

343 2068 474 2149 aliaque
499 2067 696 2130 immutabili
722 2069 850 2130 ratione
875 2086 1003 2150 semper
1029 2085 1206 2144 recurrere,
1234 2067 1305 2130 sine
1332 2067 1430 2149 vigili

344 2152 470 2236 opificis
485 2151 596 2230 oculo,
617 2157 652 2216 et
666 2155 794 2233 potenti
809 2149 935 2216 manui

387 2237 548 2310 Quartum
571 2235 745 2300 deducitur
770 2255 812 2300 ex
834 2239 932 2300 variis
955 2238 1239 2321 Scripturelocis,
1260 2236 1434 2322 inquibus
1497 2266 1498 2272 ¹

344 2322 477 2398 dicitur,
495 2321 1322 2406 Christumsarraamniaputcnts'uerbo,Hebid.
1365 2321 1432 2388 De·
1498 2372 1499 2378 κ

343 2428 399 2472 um
413 2410 494 2472 dare
508 2411 638 2472 cunctis
647 2411 766 2484 citum,
787 2407 942 2486 dolitum,
956 2414 1055 2492 utque
1068 2411 1205 2483 omnim
1227 2411 1265 2472 in
1279 2410 1355 2490 ipsu
1369 2427 1432 2474 nce
1499 2476 1500 2496 1

341 2495 459 2559 buben
473 2495 592 2570 citata,
613 2498 732 2556 motum
746 2497 843 2576 atque
858 2496 1079 2572 renuntiem,
1095 2495 1173 2560 Act.
1185 2496 1263 2558 xvii.
1274 2495 1317 2558 26
1328 2498 1365 2558 et
1374 2494 1430 2561 28.

344 2579 451 2645 Deum
464 2597 600 2644 serum
613 2577 755 2642 ummo
769 2599 813 2643 nc
826 2579 961 2646 belim
986 2581 1039 2644 Ps.
1052 2583 1166 2644 xxxvi.
1182 2582 1213 2642 7.
1244 2580 1365 2644 imbres
1378 2585 1433 2644 at·

343 2685 404 2746 qus
418 2668 530 2728 niuem
543 2681 714 2745 spargere,
732 2664 783 2728 Pa
800 2663 911 2728 cxlvii.
929 2669 959 2729 9.
990 2669 1121 2730 cundia
1136 2665 1364 2730 auimoets'bua
1375 2683 1431 2730 ae·

342 2748 1434 2920 {ressuscitestumultuum

818 2879 828 2910 ἲ
1280 2881 1289 2910 2

346 2918 519 2999 ejusmodi.

388 3001 547 3074 Quarum
574 3003 697 3084 petitur
722 3023 764 3067 ex
780 3005 987 3068 conscientie
1008 3024 1124 3083 aensu3
1154 3006 1291 3068 sienim
1316 3008 1432 3071 omnia

345 3091 435 3151 casui
451 3097 486 3152 et
501 3089 640 3152 lcrtunrs
656 3091 901 3172 permittuntur,
916 3109 959 3154 ac
971 3091 1062 3154 nulla
1072 3094 1115 3154 sit
1127 3090 1350 3168 Providentia,
1370 3111 1433 3156 cnr

345 3175 488 3258 trepidat
503 3172 546 3238 ad
560 3173 719 3238 scelernm
736 3179 925 3239 memoriam
941 3179 1144 3242 conscientia
1158 3195 1218 3240 cur
1233 3178 1324 3261 impii

508 3347 1181 3426 ..............ou0mssasorgsmparum,

508 3429 597 3493 Quum
612 3434 689 3486 tom
701 3431 835 3486 amuco
846 3431 936 3504 primo
948 3445 1053 3505 quoque
1064 3447 1203 3490 rrumrare
1214 3424 1301 3490 eoru·

389 3592 453 3656 111.
477 3592 587 3654 Datur
602 3595 715 3674 itaque
732 3589 954 3668 Providentia,
970 3597 1004 3656 et
1018 3609 1090 3656 eam
1106 3611 1229 3676 negare
1243 3599 1294 3656 ert
1307 3613 1435 3678 negare

347 3679 456 3742 Deum
476 3696 557 3752 esse,
578 3685 613 3741 et
627 3697 758 3742 omnem
775 3675 974 3758 pessundare
988 3679 1192 3761 religionem.
1237 3679 1312 3746 Hoc
1326 3699 1434 3764 agno·

344 3771 464 3826 rerunt
479 3763 665 3844 complures
680 3764 764 3826 inter
782 3762 951 3828 Etbnicos.
997 3763 1146 3832 Lucilius
1161 3763 1283 3828 Bulbus
1297 3767 1436 3832 Stoicus

345 3849 567 3914 introducitur
581 3849 638 3914 lib.
654 3851 687 3912 ii.
710 3847 752 3912 de
768 3856 885 3912 natura
902 3849 1062 3926 Deorum,
1083 3853 1132 3914 ita
1145 3849 1302 3932 loquens:
1334 3851 1384 3917 Ut
1397 3855 1436 3918 σι’

346 3936 423 4013 quas
438 3937 475 3998 irr
488 3935 618 4000 mmo
632 3936 793 4016 aliquam.
814 3939 875 4002 aar
891 3936 927 3998 in
940 3937 1164 4019 gyrabam,
1186 3939 1247 4000 aut
1260 3939 1299 3999 in
1307 3937 1435 4018 scruas

347 4022 483 4095 veniret,
504 4021 578 4083 cum
594 4023 708 4085 vident
722 4019 867 4083 omnium
881 4039 990 4084 rerum
1004 4023 1176 4095 rationem,
1197 4022 1340 4100 neudum,
1360 4024 1436 4088 dio·

346 4105 520 4184 cuprinam,
544 4127 609 4172 oon
621 4109 731 4188 possit
744 4124 786 4170 ea
800 4107 874 4170 eina
888 4104 1086 4185 causafieri
1100 4107 1269 4191 judicare,
1287 4111 1348 4174 sed
1361 4127 1438 4174 ecce
1452 4173 1455 4180 ,

348 4189 501 4286 aliquem,
522 4195 581 4272 qui
595 4194 773 4276 mulget,
792 4193 855 4272 'qui
864 4194 999 4272 prosu,
1013 4196 1045 4260 at
1059 4195 1308 4274 culparentur:
1329 4196 1438 4260 παίω

347 4291 461 4356 magu
485 4277 523 4338 iu
547 4279 653 4343 toruis
676 4278 818 4344 autibus
843 4279 1011 4360 muoso
1032 4278 1338 4360 massuetum,
1362 4285 1437 4348 ton
