3000 4998
63 460 145 542 Cup.
155 455 217 544 21.
499 474 546 524 ns
566 475 712 526 sonora.
1087 469 1156 532 1⁹⁵,

100 627 250 694 Tertium
268 635 501 710 argumentum
531 631 720 708 deducitur,
755 651 800 696 ex
815 618 865 698 'eo
893 635 985 718 qnod
1009 640 1146 701 nomina

63 716 242 778 electorum
258 720 387 796 scriptu
409 718 562 782 irr'coelia
586 723 617 781 et
642 721 679 782 in
700 718 784 782 libro
797 721 880 783 vitae
894 741 964 784 esse
979 721 1145 802 dicuntur,

64 801 143 862 Phil.
160 803 205 862 iv.
218 801 250 863 3.
273 801 381 882 Αροο.
393 803 463 864 xiii.
480 804 510 864 8.
536 803 621 866 Heb.
634 807 691 866 xii.
703 803 756 868 28.
802 804 1145 891 Hauauteminscrip·

64 889 147 949 tione
163 886 249 948 solet
262 887 434 969 Scriptura
445 887 648 965 firmitatem,
664 897 698 952 et
717 889 923 954 infallibilem
939 891 1147 958 decretorum

63 971 120 1034 Dei
132 973 366 1034 executionem
379 972 548 1036 denotare.
594 975 684 1038 Hinc
697 973 848 1038 Christus
859 977 956 1060 jubet
967 977 1147 1062 discipulos

63 1075 265 1139 summopere
283 1057 384 1120 laetari
402 1059 523 1140 equod
548 1079 659 1123 eorum
679 1061 816 1124 acorion
839 1065 877 1126 in
903 1065 1000 1128 coelia
1013 1065 1145 1145 scripta

61 1151 173 1218 essent,
197 1141 280 1206 Luc.
296 1161 329 1206 x.
351 1144 403 1206 20.
423 1144 493 1224 Jam
508 1164 576 1206 nnn
598 1153 684 1208 esset
699 1155 827 1208 tantum
843 1148 957 1228 gaudii
971 1167 1147 1230 argumeu2

62 1235 136 1302 tum,
158 1229 185 1290 ai
198 1229 368 1310 inscriptio
384 1229 441 1290 illa
457 1229 553 1292 iacild
568 1229 669 1294 deleri
686 1240 819 1314 posset;
841 1233 1083 1298 observandum
1097 1241 1148 1298 est

64 1327 164 1376 tamen
193 1311 260 1388 bin,
286 1315 428 1396 aliquem
455 1335 550 1400 posse
576 1315 678 1380 deleri
702 1322 721 1378 e
749 1317 831 1380 libro
854 1319 940 1394 vitm,
963 1321 1019 1401 qul
1045 1326 1147 1384 antea

62 1401 195 1480 scriptus
208 1417 275 1460 non
289 1399 408 1474 luerat,
424 1401 557 1482 quando
569 1401 696 1468 scilicet
707 1403 892 1466 ostenditur
903 1423 979 1466 eum
992 1425 1059 1472 nnn
1075 1425 1147 1468 ease

62 1487 212 1566 scriptum
226 1486 281 1565 qui
297 1486 438 1567 scriptus
453 1485 661 1550 credebatur.
707 1487 761 1551 De
770 1487 921 1552 fidelibus
932 1489 1059 1552 inlibro
1070 1492 1146 1554 rita

62 1571 194 1653 scriptis,
217 1589 380 1652 nusquam
396 1571 516 1653 legitur
531 1593 587 1636 eor
602 1573 749 1636 deletum
761 1576 820 1652 iri;
842 1571 899 1637 aed
912 1573 1005 1638 Deus
1016 1575 1098 1639 dicit
1108 1597 1145 1640 aa

61 1655 241 1718 ablaturum
258 1662 386 1737 partem
409 1657 527 1720 ellbro
551 1661 625 1720 vitm
648 1659 745 1732 illius,
769 1664 827 1742 qui
853 1660 1026 1724 abstulerit
1040 1663 1144 1724 verba

63 1739 251 1824 Prophetire,
273 1739 380 1824 Apoc.
393 1745 474 1805 xxii.
491 1745 538 1806 19.
584 1743 757 1808 Delebiiur
768 1747 833 1820 ille,
849 1747 984 1826 nonqui
994 1749 1144 1829 scriptus

62 1839 137 1901 erat,
157 1824 214 1890 aed
230 1829 287 1908 qul
309 1828 497 1910 putabatur
510 1833 672 1911 scriptus,
694 1830 887 1896 secundum,
900 1830 1070 1892 bominum
1087 1851 1143 1892 cx·

62 1912 286 1976 intimationem
299 1931 309 1988 ;
331 1914 378 1974 ita
394 1911 517 1976 dicitnr
532 1933 607 1996 pars
621 1915 693 1996 ejus
709 1915 890 1978 auferenda
910 1934 953 1978 ex
967 1923 1084 1984 sancta
1098 1917 1144 1980 ci·

63 1999 166 2073 ritate,
188 2015 256 2058 non
274 2015 373 2079 quam
390 1997 564 2071 babuerat,
585 2000 638 2062 vel
655 1999 826 2062 habiturus
840 2000 959 2076 luerat,
975 1999 1032 2063 sed
1044 2019 1144 2082 quam

64 2081 175 2146 babere
190 2083 452 2146 existimabatur.
491 2083 571 2146 lded
586 2087 606 2147 d
622 2084 817 2166 quibusdam
834 2085 1056 2160 observatum,
1072 2106 1144 2156 esse

63 2167 219 2252 duplicem
237 2169 499 2252 irwcrr'pliurrem,
521 2169 618 2234 aliam
633 2175 721 2234 mere
732 2171 922 2246 humanam,
944 2171 986 2232 ab
1003 2171 1144 2234 homini·

61 2253 113 2316 bns
126 2255 263 2331 factam,
285 2255 343 2336 qui
370 2274 430 2336 pro
447 2253 604 2318 Ecclesiae
620 2259 704 2320 veris
728 2255 882 2319 membris
898 2257 1142 2340 multosbypo-

62 2341 150 2402 critas
174 2339 323 2416 babent3
344 2339 443 2402 aliam
459 2342 624 2417 diuinam,
648 2363 721 2424 qua
735 2349 870 2417 aterno,
892 2353 926 2405 et
942 2343 1140 2408 immutabili

61 2423 116 2490 Dei
142 2425 280 2488 decreto
307 2427 396 2488 lacta
410 2432 479 2490 est:
503 2429 560 2508 qui
577 2429 682 2508 primo
699 2427 799 2490 modo
814 2431 957 2502 tanturn,
978 2435 1012 2490 et
1027 2429 1069 2490 ab
1083 2428 1142 2490 bo-

62 2511 196 2574 minibus
212 2509 319 2573 solrlm
342 2513 456 2593 scripti
472 2519 563 2586 sunt,
586 2511 738 2574 delentur
755 2531 821 2574 non
837 2516 931 2588 ταγὸς
953 2515 1006 2594 qui
1018 2509 1044 2574 d'
1054 2512 1142 2588 Deo,

60 2615 229 2680 nunquam.
286 2595 363 2660 Huc
390 2617 522 2678 quoque
549 2595 770 2670 referendum,
804 2596 897 2678 quod
920 2597 963 2658 ab
992 2595 1142 2660 Hebraeis
1172 2643 1175 2650 ⁴

60 2689 197 2759 notatur,
213 2679 409 2745 observante
420 2681 569 2757 Kimlsio,
584 2683 688 2746 deleri
703 2681 779 2758 dici,
796 2683 852 2766 qui
863 2702 927 2744 non
937 2683 1139 2747 scribantur.

61 2767 124 2832 Nisi
137 2767 291 2831 malimus
305 2767 403 2830 aliam
416 2769 722 2851 interpretationem
739 2767 867 2842 afferre,
890 2787 1009 2852 nempe
1025 2767 1138 2832 Deum

59 2853 254 2918 interminari
280 2851 379 2928 fideli,
402 2853 490 2935 quud
511 2853 537 2916 si
561 2854 630 2916 lieri
655 2862 776 2938 posset,
799 2861 837 2916 ut
862 2853 965 2917 fidelis
991 2855 1139 2921 auferret

57 2939 172 3028 aliquid
189 2939 232 3001 de
249 2939 433 3021 Prophetlaa
450 2939 568 3014 verbis,
590 2939 768 3003 delendum
792 2944 883 3002 certd
896 2941 981 3002 foret
992 2942 1063 3021 ejus
1078 2960 1138 3002 no·

58 3043 123 3088 men
138 3024 181 3088 de
197 3023 282 3088 libro
299 3027 394 3100 ritm3
415 3024 472 3086 sed
488 3031 643 3088 neutrum
659 3025 725 3087 dici
741 3043 847 3107 posse.

93 3111 136 3174 ll.
161 3110 217 3174 Ex
232 3113 407 3172 occasione
430 3109 526 3190 hujus
554 3109 628 3170 libri
645 3112 732 3182 vile,
754 3111 871 3189 inquo
897 3116 974 3172 sunt
989 3112 1139 3190 inscripti

57 3193 168 3273 fideles,
202 3215 268 3258 non
288 3197 413 3278 pigebit
435 3204 575 3257 notasse.
616 3195 641 3256 l.
666 3193 851 3257 Multorum
883 3194 1040 3256 librorum
1072 3193 1138 3256 Dei

57 3283 235 3346 meminisse
265 3281 489 3364 Scriptorum
527 3279 623 3343 Libri
645 3280 879 3364 providentiae,
916 3279 957 3342 de
988 3300 1052 3362 quo
1083 3279 1137 3344 Ps.

57 3370 183 3432 cxxxix.
203 3367 252 3429 16.
288 3366 330 3430 Irr
344 3365 428 3432 libro
453 3370 509 3430 luo
522 3365 595 3428 liceo
608 3366 721 3429 omnia
743 3367 874 3448 scripta
889 3369 978 3428 nuni.
1024 3363 1137 3430 Libro-

57 3471 118 3516 rum
129 3453 274 3538 judicii,
290 3455 323 3516 in
334 3451 454 3535 quibus
464 3455 651 3534 conscripta
661 3459 738 3514 sunt
749 3451 953 3534 singulorum
966 3452 1136 3514 bominum

59 3537 147 3603 lacta.
194 3537 289 3602 Libri
303 3543 395 3613 vrloe,
411 3537 517 3620 Apoc.
534 3555 590 3600 xx.
611 3537 659 3602 12.
703 3537 735 3602 2.
758 3537 936 3620 Triplicem
954 3557 1048 3620 posse
1074 3535 1137 3598 dis·

56 3627 155 3708 tingui
183 3623 303 3686 librum
319 3633 403 3686 vltra.
427 3625 495 3704 (l.)
518 3623 654 3686 Lrbrum
677 3626 759 3688 vilra
783 3627 968 3699 naturalis,
1001 3622 1042 3686 de
1067 3641 1135 3704 quo

55 3705 160 3774 ldosea
176 3711 209 3772 lo
233 3711 332 3782 uitur,
357 3708 455 3772 Exod
470 3711 574 3772 xxxii.
590 3709 642 3772 32.
665 3713 741 3773 crlm
754 3710 899 3793 petebat,
923 3719 960 3771 ut
974 3709 1136 3780 deleretur

53 3811 86 3856 ra
99 3797 186 3862 libro
236 3798 279 3869 ci,
301 3795 335 3858 id
351 3803 400 3858 est
416 3803 453 3857 ut
464 3797 696 3876 intempestiva
710 3796 921 3860 occumberet
934 3804 1049 3856 morte.
1066 3793 1137 3873 (2.)

51 3875 182 3946 Librum
197 3884 283 3945 vitm
297 3883 403 3953 illius,
425 3881 720 3964 mombritio
741 3882 962 3944 communione
985 3898 1059 3941 cum
1074 3897 1135 3962 po·

47 3969 120 4046 pulo
133 3965 213 4040 Dei,
236 3965 277 4030 de
292 3987 359 4048 quo
370 3967 492 4030 Eneob.
510 3967 578 4028 xiii.
597 3967 625 4028 9.
652 3965 695 4028 In
711 3967 852 4028 concilio
863 3966 1059 4046 populimei
1068 3983 1134 4026 non

49 4057 153 4128 crunt,
174 4057 207 4116 ut
221 4054 258 4116 ia
269 4050 495 4136 descnprione'
505 4051 621 4112 domuc
638 4050 781 4113 Israelis
794 4069 859 4112 non
878 4049 1133 4113 conscribentur.

50 4137 113 4219 (3.)
140 4135 278 4202 Librum
305 4141 388 4202 vilra
413 4141 561 4212 cremo,
584 4135 625 4197 de
652 4155 718 4218 qno
746 4135 863 4216 Philip.
883 4137 924 4195 ir.
941 4137 974 4198 3.
999 4135 1081 4198 Luc.
1097 4155 1132 4200 x.

51 4219 95 4283 2⁰.
136 4223 245 4306 Apoc.
263 4225 330 4288 xiil.
348 4225 378 4287 8.
417 4241 473 4286 xx.
494 4221 542 4284 12.
586 4223 617 4285 3.
643 4221 759 4284 Libros
787 4221 861 4284 Deo
888 4219 997 4295 tribui,
1029 4227 1132 4286 mela·

49 4305 149 4400 pliord
164 4306 267 4374 doctr
281 4309 334 4376 vel
349 4311 414 4374 dre
428 4309 583 4386 militari,
601 4308 655 4372 ubi
673 4307 748 4374 belli
763 4305 843 4372 Dux
856 4306 974 4372 milites
986 4307 1133 4372 delectos
