2994 4996
102 487 270 576 Contu]
419 504 467 554 nn
489 503 559 554 oro
582 504 654 554 uuo
677 503 722 554 un
743 503 866 556 rurro.
1126 495 1181 558 101

90 661 169 726 Filii
184 660 363 746 spiritualis
378 665 438 725 est.
483 661 661 726 Nonnullis
677 661 786 744 placet
800 664 847 725 ito
861 661 1076 745 appellatum,
1101 667 1179 748 quin
1239 673 1247 687 ·

88 751 107 811 d
124 749 202 812 Deo
219 745 369 830 procedit
385 765 443 830 per
458 747 592 812 modum
611 748 827 828 spirationis,
849 747 906 808 sed
931 745 995 819 boc
1009 754 1059 811 est
1074 749 1179 832 expli·

87 851 166 896 cure
183 853 253 896 rem
264 832 439 894 obscuram
450 851 509 914 per
519 828 754 896 obscuriorem.
794 831 894 896 Forte
905 833 1083 908 indictus,
1098 837 1178 917 quin

88 917 162 982 huc
176 915 347 982 ndorundu
362 936 502 1000 persona
516 918 610 980 nobis
625 922 887 1000 reprimuntur,
911 924 948 979 ut
961 919 1071 981 virtus
1081 923 1179 984 attis·

86 1005 180 1078 sisui,
202 1010 237 1067 et
254 1008 291 1065 ut
306 1020 346 1065 ou
361 1003 409 1064 ris
424 1019 481 1083 per
496 1021 594 1084 quom
612 1003 710 1066 Potor
724 1004 898 1084 exequitur
913 1001 947 1066 id
963 1021 1071 1078 ornus,
1087 1005 1177 1086 quod
1231 1043 1234 1050 .

85 1087 145 1152 sud
160 1085 323 1171 supientib
337 1085 531 1168 designarit.
575 1087 651 1151 Jum
666 1089 714 1150 sio
728 1088 796 1150 lere
811 1093 1039 1170 comparatum
1055 1097 1115 1164 est,
1136 1097 1175 1154 ut
1194 1106 1198 1120 '

85 1179 134 1238 vis
144 1193 217 1238 sese
228 1179 263 1236 et
272 1172 338 1236 aliu
352 1171 503 1236 morendi
514 1175 548 1236 in
559 1175 649 1242 omui
663 1191 784 1254 genero
798 1191 908 1236 rerum
923 1173 1059 1255 Spiritui
1073 1175 1172 1238 alicui

85 1260 261 1324 tribuatur.
305 1257 399 1320 Nihil
413 1259 675 1340 pronuntiamus.

129 1344 192 1408 Vl.
218 1341 365 1406 Verbum
388 1341 509 1406 addam
532 1341 575 1406 de
598 1343 719 1406 Sancti
741 1341 899 1425 epitheto,
922 1342 1014 1424 quod
1037 1343 1173 1408 additur

85 1431 239 1514 Spiritni;
261 1431 355 1491 itnut
367 1427 506 1510 Spiritus
518 1427 664 1492 Sanctus
675 1427 819 1490 dicutur:
835 1426 1171 1494 obmurmurantem

84 1515 148 1580 dici
163 1515 337 1590 Sanctum,
359 1533 425 1576 non
441 1512 540 1576 modo
554 1519 689 1596 propter
708 1515 780 1594 ejus
801 1515 1030 1576 intemeratum
1046 1519 1171 1595 purita-

85 1609 163 1676 tem,
183 1605 220 1666 et
239 1599 505 1683 angustissimum
531 1598 747 1680 majestatem.
767 1598 992 1680 (majestatem
1007 1603 1094 1664 enim
1110 1620 1169 1682 per

83 1687 293 1750 unonutem
315 1682 531 1764 designabunt
544 1703 679 1766 qnoque
699 1689 836 1746 veteres.
859 1683 936 1744 binc
962 1684 1169 1750 tribunorum

84 1773 228 1855 potestus
242 1774 363 1834 sancta
377 1767 560 1842 dicebatur,
582 1771 662 1850 quin
684 1764 889 1849 majestatem
915 1769 1029 1850 populi
1052 1789 1168 1853 repue-

84 1857 271 1931 sentnbnnt,
291 1860 326 1920 ct
341 1854 382 1918 de
403 1856 584 1918 sanctitate
607 1871 722 1936 regum
744 1853 888 1936 loquitur
902 1851 922 1913 J
927 1851 1012 1914 ullus
1029 1853 1168 1936 Cusum)

84 1963 148 2006 non
170 1943 267 2024 qussi
292 1941 390 2002 Putre
413 1945 447 2002 et
468 1937 553 2001 Filio
568 1940 713 2001 sanctior
727 1940 780 2013 sit,
802 1955 878 2000 num
893 1938 1045 2000 omnibus
1060 1939 1165 2003 tribus

79 2023 501 2192 innutrfltlllll„
515 2025 744 2184 lillitt
759 2021 1165 2192 lllulllllipllr

79 2201 209 2263 tionum
219 2195 406 2260 divinarum
417 2194 577 2270 ordinem,
602 2191 819 2258 sanctificatio
830 2191 974 2256 fidelium
986 2197 1014 2256 ei
1028 2195 1164 2258 attribui

77 2285 169 2360 solet,
194 2287 233 2344 ut
250 2281 340 2344 Patri
357 2282 479 2356 cuuto,
502 2277 586 2341 Filio
611 2279 795 2360 redemptio.
842 2279 954 2362 Atque
968 2279 1039 2346 buc
1053 2279 1095 2346 de
1109 2297 1160 2346 ιιι·

80 2389 135 2435 cro
148 2371 269 2435 sancto
284 2365 455 2434 Trinitatis
465 2365 623 2456 mysterio
634 2362 724 2432 dictu
733 2361 915 2432 sufficiunt
