2986 5160
67 481 154 562 cup.
170 475 233 563 rt]
497 475 544 538 bs
567 489 742 541 amussis.

472 643 631 708 CAPUT
653 643 751 707 XIV.

481 781 530 836 De
549 780 740 838 Matrimonia.

107 909 134 969 l.
158 905 456 974 Quruuonurusrr
480 903 639 968 Ecclesia
666 903 885 987 propaganda
905 901 1005 968 causi
1028 905 1156 971 institu·

61 997 135 1053 tum
148 999 199 1054 est
212 991 473 1062 matrimonium,
486 991 554 1051 sire
563 991 769 1072 conjugium,
780 988 822 1050 de
834 1011 875 1052 eo
886 989 1027 1053 dicenda
1038 1009 1156 1070 pauca.

61 1075 141 1138 'lloc
157 1077 232 1137 rite
247 1092 352 1154 genus
369 1091 446 1136 mox
461 1076 482 1135 a
497 1077 673 1136 creationis
685 1073 864 1155 primordio
880 1075 913 1136 iu
927 1081 1014 1136 statu
1030 1083 1156 1138 natura

4 1223 9 1236 ,
60 1163 197 1241 integra
213 1161 246 1220 iu
263 1157 415 1240 paradiso
430 1159 577 1221 terrestri
588 1159 732 1220 instituit
749 1159 849 1230 Deus,
866 1157 992 1240 legibus
1004 1164 1156 1244 saucivit,

61 1251 98 1307 et
113 1242 344 1307 benedictione
357 1241 587 1326 locupletavit,
602 1243 723 1305 Genea.
737 1245 769 1306 ii.
786 1251 820 1305 et
833 1243 983 1306 Christus
994 1255 1158 1328 corrupte

61 1335 190 1392 nature
213 1329 423 1404 instaurator,
449 1330 583 1410 nuptias
608 1325 781 1408 prresentit
806 1327 874 1402 sui,
900 1333 934 1390 et
964 1331 1070 1412 primo
1096 1351 1157 1394 suo

64 1411 226 1476 miraculo
254 1417 394 1487 ornarit,
416 1411 494 1474 lob.
511 1413 544 1474 ii.
590 1410 792 1494 conjugium
820 1415 921 1496 igitur
935 1421 985 1478 ert
999 1415 1159 1479 divinitus

62 1501 217 1560 instituta
235 1498 329 1558 unius
345 1497 487 1559 maritet
503 1497 601 1559 unius
616 1497 754 1560 immina
769 1499 966 1561 contrahere
976 1501 1160 1564 valentium

62 1583 97 1644 iu
115 1599 214 1644 unam
231 1599 377 1653 caruem,
395 1581 489 1662 justo
505 1582 604 1664 pleno
619 1590 654 1643 et
669 1585 798 1644 sincero
819 1601 993 1659 consensu,
1013 1586 1161 1668 legitima

63 1667 269 1748 conjunctio.
300 1665 438 1748 Triplex
453 1673 503 1734 est
517 1665 590 1728 riuis
604 1668 763 1750 conjugii,
788 1669 814 1729 l.
834 1669 1024 1732 Procreatio
1041 1671 1158 1734 libero·

62 1769 137 1814 rum
162 1751 205 1813 arl
229 1749 386 1814 Ecclesia
409 1755 445 1811 et
466 1750 654 1832 reipublice
676 1753 897 1815 seminarium.
942 1755 973 1817 2.
998 1755 1158 1820 Mutuum

63 1836 238 1898 auxilium.
275 1837 306 1898 3.
326 1834 486 1896 Libidinis
502 1835 693 1897 remedium.
731 1835 866 1919 Absque
882 1840 1040 1920 conjugio
1055 1860 1172 1921 genus·

64 1921 248 1982 humanum
265 1921 452 2001 propagari,
470 1917 621 1982 Ecclesia
635 1923 763 2000 augeri,
777 1925 936 1984 scortatio
952 1925 1060 1998 vitari,
1075 1925 1160 1989 elec-

62 2011 180 2068 torum
196 2021 352 2068 uumerus
367 2003 524 2086 compleri
541 2023 608 2066 nou
625 2013 745 2086 posset.

108 2090 157 2152 11.
179 2089 232 2152 Ad
258 2089 504 2152 matrimonium
524 2090 714 2170 requiritur,
738 2089 765 2152 l.
790 2089 837 2154 Ut
858 2093 911 2174 qui
931 2094 1015 2156 inire
1030 2091 1160 2173 volunt,

64 2173 265 2238 contrahere
280 2173 423 2247 valeant,
439 2191 505 2235 non
518 2173 715 2256 impuberes.
760 2173 791 2236 2.
810 2175 856 2238 Ut
872 2179 914 2238 sit
931 2184 1066 2241 mutuus
1080 2200 1160 2244 con·

64 2279 190 2324 seusus.
234 2261 265 2323 8.
300 2257 347 2322 Ut
372 2257 427 2321 ille
453 2275 641 2334 consensus,
665 2275 733 2321 nou
760 2259 860 2322 verbo
889 2259 965 2338 Dei,
996 2283 1062 2326 non
1095 2265 1160 2346 legi

63 2353 204 2419 natura,
219 2361 287 2406 uon
299 2341 501 2424 sapientibus
513 2345 766 2424 magistratuum
778 2347 1072 2411 constitutionibus
1084 2371 1162 2414 eon·

62 2431 186 2494 trarius
206 2430 270 2504 slt;
292 2445 358 2490 nou
381 2429 413 2490 ri
438 2434 498 2489 aut
521 2433 611 2490 metu
637 2433 800 2501 extortus,
824 2447 890 2490 uon
917 2433 1024 2494 verbis
1040 2433 1163 2500 dolosis

61 2516 275 2588 enunciatus,
291 2529 358 2575 nou
373 2511 416 2574 ab
430 2512 522 2575 ebrio
539 2509 591 2573 vel
607 2511 731 2572 iurioso
745 2511 910 2588 traditus3
931 2533 998 2576 non
1015 2517 1163 2580 clandes-

63 2603 157 2662 tinus
172 2598 222 2658 rel
243 2603 361 2660 contra
376 2599 550 2680 parentum
573 2594 789 2657 voluntatem.
835 2595 914 2659 Non
931 2599 1032 2680 igitur
1054 2609 1165 2684 potest

62 2681 219 2748 contrabi
241 2683 486 2746 matrimonium
503 2679 621 2756 sfiliis,
643 2681 754 2742 inritis
770 2681 971 2764 parentibus.
1020 2683 1163 2762 Etenim,

64 2771 91 2831 si
109 2769 187 2830 Deo
201 2769 292 2830 iacta
307 2766 479 2849 promissio
495 2767 564 2827 sire
576 2771 690 2828 votum
707 2771 815 2828 ratum
832 2787 898 2829 uou
915 2775 976 2842 cst,
996 2773 1164 2835 contradi-

64 2859 166 2916 cente
184 2851 293 2925 Patre,
317 2849 419 2914 Num.
433 2867 514 2912 xxx.
527 2853 558 2925 8,
571 2852 600 2914 5.
625 2855 752 2933 quanto
769 2855 875 2915 mimis
892 2857 1064 2934 promissio
1080 2859 1167 2920 inter

66 2937 354 3000 adolescentulum
366 2941 400 2998 et
412 2935 556 3018 puellam
569 2935 670 3006 iacta,
683 2937 742 2997 nisi
755 2935 1163 3022 animadvertaturparrlrn

67 3041 167 3170 panos
194 3020 456 3168 papegteptrelle
470 3017 981 3167 rim'l'llffedqllrlldllgilimum
1008 3033 1081 3100 est;
1105 3023 1164 3089 sed

84 3125 220 3170 uncres
292 3123 332 3170 eu
371 3123 691 3168 uecoesrsroe
747 3123 883 3166 ree.
1005 3129 1007 3134 ·

109 3191 176 3254 lll.
201 3191 280 3254 Nou
307 3195 418 3273 potest
442 3189 595 3251 contrabi
621 3189 867 3250 matrimonium
894 3189 981 3251 iuter
1007 3211 1075 3268 eos,
1108 3195 1164 3278 qui

67 3279 165 3340 nimis
180 3277 365 3360 propinqua
379 3273 668 3355 consanguinitate
682 3279 762 3335 sunt
775 3273 957 3354 conjuncti,
979 3273 1058 3338 Lev.
1072 3281 1164 3341 xviii.

68 3361 98 3424 6.
123 3359 231 3424 Nemo
245 3361 432 3422 accedatis
445 3377 579 3421 canum
593 3359 709 3420 carnia
723 3375 806 3420 aare.
851 3357 955 3420 Nulla
970 3361 1165 3440 conjunctio

66 3451 180 3529 potest
193 3444 264 3508 fieri
279 3446 366 3508 iuter
380 3443 480 3506 liliam
495 3450 530 3506 et
554 3443 698 3518 Patrem,
719 3441 823 3505 lilium
847 3449 883 3503 et
906 3450 1055 3522 matrem,
1084 3447 1164 3510 Ler.

67 3530 161 3594 xviii.
177 3531 209 3592 7.
255 3529 376 3592 insitus
397 3525 515 3610 pudor,
537 3533 572 3591 et
593 3527 795 3591 verecundia
809 3529 962 3592 omnibus
978 3528 1165 3594 bominibus

67 3617 186 3678 innata
209 3614 253 3676 ab
277 3612 441 3696 ejusmodi
463 3613 700 3694 conjunctione
723 3612 888 3678 abstinere
907 3613 1015 3696 jubet.
1060 3613 1167 3688 Nulla

68 3701 158 3764 iuter
183 3700 370 3782 privignum
391 3717 468 3761 cnm
484 3715 639 3772 noverca,
661 3703 720 3758 aut
734 3699 919 3782 privignam
940 3719 1017 3762 cum
1034 3701 1165 3776 vitrico,

68 3803 157 3850 vers.
169 3785 201 3846 8.
218 3786 298 3868 quia
312 3783 403 3846 iacta
427 3787 478 3845 est
500 3799 646 3845 noverca
670 3799 737 3843 uua
758 3797 837 3844 caro
861 3803 937 3847 curn
961 3791 1065 3866 patre.
1109 3783 1165 3848 Ab

69 3867 238 3950 ejusmodi
263 3869 399 3952 nuptiis,
422 3872 540 3950 utpote
555 3865 700 3940 incestis,
721 3865 860 3946 gentiles
885 3867 1092 3930 abhorruisse
1108 3867 1167 3932 do·

69 3959 124 4018 cet
143 3951 266 4016 Paulus
284 3954 298 4015 l
323 3951 401 4015 Cor.
418 3971 448 4014 v.
469 3954 495 4016 l.
542 3950 630 4013 lliuc
645 3948 813 4014 Antonius
830 3949 1003 4014 Caracalla
1020 3955 1167 4022 incestus

68 4041 88 4100 i
104 4039 268 4102 Romanis
283 4037 474 4120 graviminre
487 4039 625 4098 notatus
645 4039 707 4110 ert,
728 4033 818 4118 quod
838 4037 964 4120 primus
987 4055 1166 4104 novercam

69 4121 196 4187 ducem
216 4139 316 4184 ausus
340 4126 437 4196 esset,
458 4121 623 4184 referente
648 4117 835 4200 spartiano.
891 4119 945 4182 De
969 4139 1010 4183 eo
1037 4123 1165 4188 consuli

68 4211 183 4290 potest
203 4203 415 4288 limpiados
429 4204 470 4270 da
484 4203 571 4290 Lege
587 4201 730 4268 &anub
776 4203 880 4268 Nulla
896 4199 982 4270 inter
998 4205 1116 4272 iratres
1131 4213 1167 4276 et

68 4309 211 4366 sorores,
234 4309 324 4356 vera*
334 4293 365 4357 9.
382 4293 451 4355 sire
466 4307 508 4354 ex
525 4295 667 4372 utroque
683 4295 819 4371 parente
843 4291 910 4352 siet
935 4285 1052 4356 iratres
1067 4299 1167 4378 atque

67 4391 210 4453 sorores,
232 4378 302 4443 sire
317 4377 384 4442 siut
398 4377 531 4442 uterini.
576 4371 642 4440 Sed
656 4376 812 4459 queritur
825 4371 891 4454 blo,
912 4389 956 4442 ta
971 4377 1166 4460 conjunctio
