3000 5006
64 491 142 578 cip.
159 495 207 582 4.]
369 509 416 560 nn
439 509 644 562 sosarmus
669 513 713 562 er
735 507 827 566 rrns.
1085 501 1149 572 287

59 659 235 746 scripturi,
257 667 413 745 tauquam
432 665 599 728 vinculum
617 671 735 728 nostra
758 685 834 729 cum
852 665 982 753 Christo
1000 675 1140 752 unionis,

57 749 199 810 conditio
218 750 347 811 ioederis
359 753 484 831 gratias,
501 753 626 814 tructus
638 751 820 826 electionis,
842 755 1034 836 principium
1044 779 1139 824 sanc·

56 833 251 909 dicationis,
273 835 471 898 eumedium
488 837 660 900 infallibile
674 838 799 900 salutis.

94 920 135 981 11.
165 919 264 983 Utde
276 919 316 982 ei
325 921 501 1002 loquamur
511 927 676 996 accurate,
691 931 815 1006 septem
827 926 891 986 ista
901 928 1139 1010 expendemus;

61 1007 84 1066 1.
100 1005 194 1072 Quot
211 1007 314 1068 modis
330 1016 479 1069 sumatur
492 1008 560 1070 hmo
571 1007 667 1072 uon?
709 1009 741 1069 2.
759 1009 918 1076 Quasnam
929 1015 995 1074 sint
1010 1017 1140 1098 objecta

55 1089 122 1153 idei
151 1089 330 1155 salvifice?
373 1095 404 1156 3.
428 1092 571 1160 Quinam
587 1097 653 1155 sint
667 1100 763 1156 actus
779 1096 854 1158 fidei
876 1099 965 1160 circa
989 1097 1058 1162 buo
1083 1103 1141 1163 ob·

52 1173 164 1256 jecta?
206 1183 238 1239 4.
261 1177 420 1244 Quisnam
437 1181 478 1241 sit
492 1186 610 1242 auctor
625 1177 727 1241 fidei?
770 1183 800 1242 6.
824 1181 1001 1248 Quodnam
1014 1187 1141 1268 subjec-

56 1261 146 1324 tum?
192 1265 223 1325 6.
247 1262 424 1331 Quodnam
446 1267 488 1326 sit
510 1264 686 1327 discrimen
701 1266 799 1348 ,inter
813 1267 911 1330 tidem
927 1276 1141 1352 temporario·

53 1365 117 1409 rum
130 1353 167 1411 et
182 1347 278 1411 fldem
290 1347 500 1412 electorum?
543 1352 574 1411 7.
597 1351 755 1417 Quaenam
771 1354 836 1414 sint
851 1357 1004 1436 opposita
1018 1354 1122 1420 ider?

92 1433 157 1496 111.
181 1434 233 1496 Ac
245 1435 365 1515 primi.
388 1435 565 1498 ridendum
582 1442 665 1518 quot
682 1434 787 1498 modis
802 1448 950 1502 sumatur
967 1441 1035 1504 buc
1052 1461 1139 1506 rox:

55 1523 192 1582 sumitur
207 1531 319 1584 autem
334 1520 515 1602 aliquando
531 1541 591 1604 pro
606 1517 645 1584 ei
665 1538 766 1602 quam
793 1541 960 1587 servamus
975 1526 1047 1589 aliis
1054 1527 1142 1607 fids-

55 1606 159 1680 litoie,
181 1623 240 1687 per
256 1625 352 1688 quarn
374 1605 411 1668 lit
432 1608 463 1667 id
482 1605 571 1688 quod
594 1614 727 1690 pactum
748 1625 788 1671 ac
813 1613 1006 1692 promissum
1023 1621 1085 1688 est,
1106 1621 1141 1676 et

52 1693 94 1751 sic
119 1691 198 1752 Deo
222 1693 389 1766 tribuitur,
420 1691 517 1754 Rom.
545 1695 589 1755 111.
610 1695 641 1757 3.
686 1693 874 1775 Aliquando
901 1715 959 1778 pro
985 1699 1140 1762 doctriua

53 1778 247 1857 evangelicu
262 1797 333 1860 qnae
355 1785 404 1840 est
427 1777 500 1840 lidei
529 1779 708 1860 objectum,
731 1779 807 1841 Gal.
823 1783 843 1842 1.
861 1781 912 1844 23.
937 1783 1139 1847 (11111125.

52 1861 253 1944 Aliquando,
285 1883 343 1946 pro
370 1871 508 1926 externa
534 1863 609 1926 fidei
637 1865 848 1946 professione,
871 1874 908 1928 ut
935 1867 1140 1933 (11111110.

53 1948 223 2010 domestici
229 1947 327 2028 fidei.
372 1949 563 2031 Aliquando
586 1967 647 2030 pro
670 1951 742 2032 ipso
763 1955 884 2013 moniis
904 1971 1054 2028 1111111111,
1077 1954 1142 2018 boc

51 2033 148 2096 modo
162 2051 250 2096 nuuc
265 2035 417 2097 sumitur.
464 2035 537 2098 Hoc
549 2053 646 2097 sensu
662 2044 772 2098 sumta
786 2035 865 2099 fides
880 2037 1094 2120 distinguitur
1107 2038 1141 2102 ui

54 2137 121 2180 eam
156 2121 180 2181 1.
204 2139 275 2202 qum
290 2129 339 2182 est
352 2120 432 2182 nudi
443 2140 593 2183 assensus
610 2123 738 2186 veritati
754 2123 918 2200 revelatus,
934 2143 1006 2206 quas
1022 2127 1055 2187 in
1071 2126 1139 2188 dia·

51 2203 141 2266 bolos
155 2208 254 2268 etiam
268 2206 368 2281 cadit,
391 2207 462 2270 Jac.
479 2210 511 2270 ii.
530 2209 577 2270 19.
591 2205 818 2290 qumquefldes
828 2209 991 2272 ltrsseturs'co
1001 2211 1140 2290 dicitur;

48 2289 170 2353 dicitur
183 2299 293 2354 autem
320 2292 399 2356 fides
413 2293 583 2372 historica,
605 2313 672 2356 non
688 2296 781 2377 quasi
803 2299 933 2358 tantum
950 2297 1063 2360 credat
1077 2299 1141 2360 bis·

48 2381 147 2440 turias
171 2380 204 2439 in
220 2378 389 2462 Scripturi
415 2388 600 2456 contentas,
622 2379 680 2442 sed
700 2385 780 2462 quia
804 2384 918 2445 omnia
932 2401 1003 2462 quoe
1024 2384 1141 2460 credit,

49 2463 162 2525 credat
184 2471 221 2526 ut
238 2463 399 2540 historias,
422 2485 482 2527 nec
498 2467 577 2527 iude
591 2465 635 2525 ad
650 2470 739 2526 recte
765 2466 933 2544 agendum
959 2475 1140 2530 moveatur.

48 2545 74 2608 2.
99 2551 140 2612 ln
157 2567 241 2621 eam,
265 2567 336 2630 quta
358 2567 526 2610 assensum
543 2549 625 2609 dicit
646 2549 854 2628 promissioni
869 2549 969 2610 alicui
984 2553 1143 2631 singulari

48 2633 84 2696 de
99 2639 229 2697 eventu
252 2634 460 2708 miraculoso,
483 2633 536 2694 rel
551 2635 571 2694 11
591 2631 685 2693 uobis
701 2631 897 2714 prestando,
920 2633 973 2696 rel
989 2637 1021 2696 ia
1034 2655 1094 2698 nos
1109 2644 1144 2699 et

49 2723 137 2783 circa
163 2737 235 2791 nus,
258 2737 330 2798 quus
348 2717 441 2796 fider
459 2719 698 2780 miraculorum
713 2716 854 2795 dicitur;
879 2717 1004 2802 duplex
1026 2723 1141 2806 itaque

46 2811 92 2868 est
108 2801 195 2864 tides
210 2805 456 2875 miraculorum,
477 2803 531 2865 rel
545 2821 622 2883 quur
638 2804 866 2886 requirebatur
879 2809 912 2868 in
929 2809 967 2868 iis
979 2825 1037 2890 per
1059 2827 1141 2892 quos

47 2887 212 2952 miracula
227 2887 480 2970 Dsusproestare
500 2889 645 2961 volebat,
667 2890 791 2970 deque
815 2891 961 2971 loquitur
978 2893 1141 2970 Christus,

46 2973 174 3038 blattis.
190 2974 270 3034 xvii.
286 2971 337 3033 20.
361 2974 401 3033 δι’
414 2970 676 3048 bubastisfldcm
685 2990 698 3041 ,·
720 2977 917 3052 quantulum
931 2981 981 3038 eet
994 2997 1141 3058 granum

47 3060 197 3140 senapis,
218 3060 279 3120 Ac.
298 3057 349 3119 rel
370 3075 446 3138 quae
467 3055 693 3138 requirebatur
708 3057 741 3116 in
758 3057 806 3129 iis,
829 3057 862 3117 iu
885 3077 967 3137 qnos
983 3063 1144 3130 miracula

50 3146 172 3226 patrari
196 3143 374 3218 debebant,
397 3145 444 3204 ita
461 3141 612 3202 Christus
634 3139 768 3222 petebat
783 3140 825 3202 ab
848 3142 897 3216 iis,
920 3145 971 3224 qui
999 3165 1033 3208 se
1056 3150 1144 3229 ipsos

49 3233 233 3294 offerebant
255 3237 293 3290 nt
308 3238 513 3301 sanarentur,
539 3224 724 3290 Credisne?
765 3227 795 3288 3.
821 3225 859 3288 ln
876 3243 968 3301 eam,
982 3248 1144 3311 quaecum

49 3335 181 3378 assensu
195 3315 290 3378 rebus
301 3313 463 3387 revelatis,
477 3311 730 3394 babetaliquem
741 3317 876 3396 gustum
889 3315 1046 3390 veritatis,
1057 3337 1144 3400 quu-

49 3421 109 3483 qne
125 3401 309 3484 conjuncta
322 3407 457 3462 ealcum
473 3399 583 3480 aliquo
598 3397 731 3480 gaudio,
753 3395 811 3461 sed
827 3417 899 3482 qua
916 3399 1060 3465 radicem
1074 3423 1139 3469 non

50 3487 160 3564 babet,
192 3496 227 3550 et
256 3487 329 3569 quse
357 3484 640 3568 persecutionibus
665 3486 894 3566 ingruentibus
917 3505 988 3550 esse
1011 3487 1141 3565 desinit,

52 3573 119 3637 buc
134 3581 186 3635 est
201 3571 280 3634 lidus
295 3574 573 3652 temporariorum.
621 3573 653 3633 4.
677 3569 716 3632 In
739 3589 823 3647 eam,
847 3592 919 3655 qua
935 3572 1057 3636 dicitur
1065 3579 1140 3659 jus

53 3659 188 3738 tiflcuns
200 3668 230 3720 et
245 3659 414 3738 saluifica.
461 3657 513 3720 De
525 3654 563 3718 ed
574 3657 645 3738 jam
661 3655 839 3720 dicendum
852 3679 862 3735 ;
883 3678 924 3722 uc
939 3659 1009 3742 ejus
1022 3669 1142 3726 natura

51 3743 282 3825 expendenda,
303 3745 399 3828 idque
419 3751 591 3826 postquam
617 3742 911 3822 observaverimus,
932 3749 947 3826 (
955 3748 999 3826 1.)
1022 3745 1139 3812 Fidem

48 3829 283 3909 justificantem
302 3831 421 3892 babere
442 3827 597 3912 quicquid
620 3829 695 3888 boni
713 3837 763 3890 est
777 3831 810 3891 in
823 3829 887 3893 flde
908 3831 1083 3907 historico,
1105 3842 1139 3896 et

51 3914 563 3997 tutidetemporuriurum,'(2.)ln
572 3912 784 3975 multisfideru
798 3917 1030 3979 miraculorum
1039 3919 1138 3984 tuisse

51 4002 171 4084 absque
187 3999 251 4062 tide
266 3999 480 4084 justificante,
504 3999 587 4058 utin
603 3997 622 4060 1
628 3995 692 4059 udi
706 4006 740 4062 et
755 4001 788 4061 in
805 3997 869 4066 illis
883 4000 924 4064 de
939 4003 1059 4083 quibus
1070 4010 1138 4088 agi·
1214 4077 1215 4080 Ἴ

51 4093 115 4160 tur,
140 4085 264 4149 Martu.
283 4089 336 4147 rii.
360 4085 412 4146 22.
430 4087 463 4146 iu
479 4085 660 4144 innumeris
675 4083 825 4146 fidelibus
841 4087 904 4148 luit
919 4095 953 4149 et
974 4090 1036 4151 erit
1058 4091 1137 4155 fides

46 4171 231 4250 justificans
256 4175 327 4234 sine
352 4169 415 4232 flde
439 4168 694 4244 miraculorum
720 4173 867 4252 quamvis
892 4173 925 4233 in
953 4177 1135 4255 primordiis
1267 4171 1270 4179 ’

49 4255 301 4332 Christianismi,
316 4255 395 4319 fides
401 4252 585 4337 justificans
597 4259 630 4317 et
640 4245 719 4318 lides
731 4256 963 4323 miraculorum
978 4264 1136 4346 conjunc·

49 4343 225 4407 insuerint
242 4363 307 4408 nun
326 4347 407 4406 rard.
708 4349 716 4368 ⁸
