2994 4996
61 487 212 626 cupa]¹
262 638 278 670 b
501 555 548 606 na
570 555 690 607 ulmo.
838 536 842 547 ‘
1082 551 1143 617 157

100 709 239 786 Quarta
258 707 353 774 alind
377 711 428 776 εει
443 716 618 794 peccatum
634 731 677 776 ex
696 711 900 798 ignorantia,
921 712 1013 782 alind
1028 739 1148 803 pecca·

59 801 126 859 tum
143 797 231 880 quod
243 799 386 860 ecanae
394 802 639 882 perpetramus.
685 797 865 864 Peccatum
882 821 924 866 ex
944 799 1146 889 ignorantia

60 889 116 958 εει,
139 879 231 965 qnod
252 881 358 968 solam
379 883 600 964 ignorantiam
624 881 724 948 babet
749 902 893 962 cansam,
921 889 1077 974 qnodque
1102 895 1147 958 ab

61 967 192 1030 bomine
217 961 342 1032 sciente
366 986 434 1030 non
460 967 564 1032 beret.
607 967 715 1034 berit.
731 969 775 1032 iv.
792 970 824 1036 2.
855 971 889 1036 N
895 991 960 1038 um.
975 994 1077 1040 xxxv.
1097 979 1147 1046 ll.

59 1054 122 1118 tale
138 1052 206 1116 init
218 1059 394 1138 peccatum
411 1053 506 1118 Pauli
523 1051 708 1118 Ecclesiam
730 1059 967 1140 persequentis,
994 1059 1109 1130 tTim.
1125 1066 1148 1130 i.

62 1139 107 1202 13.
129 1137 194 1204 sed
204 1134 650 1224 distinguendaignorontio
659 1161 673 1214 ,·
694 1139 761 1204 alia
775 1145 864 1206 enim
879 1150 930 1208 est
945 1147 1148 1230 ignorantia

59 1243 177 1299 rerum,
208 1243 290 1308 quas
316 1226 399 1288 scire
425 1223 605 1302 debemus;
637 1225 704 1290 alia
731 1232 781 1290 est
809 1229 999 1310 ignorantia
1026 1251 1148 1314 rernm,

60 1320 138 1392 quas
164 1312 249 1374 scire
274 1329 342 1374 non
369 1309 536 1376 debemus.
580 1309 659 1374 Alia
679 1318 729 1374 est
755 1314 967 1382 invincibilia
989 1319 1092 1396 ploni
1117 1324 1150 1386 at

59 1397 313 1468 lancinatori&
347 1415 452 1480 quum
475 1397 547 1478 quis
568 1397 709 1478 ignorat,
730 1397 822 1479 quod
842 1401 927 1464 scire
942 1421 1010 1466 non
1026 1410 1149 1486 potest,

61 1475 269 1562 quantumvis
285 1480 396 1558 vellet,
418 1483 496 1566 quia
515 1481 682 1564 objectum
706 1481 752 1544 illi
776 1491 914 1548 nonest
940 1485 1150 1570 revelatum

59 1566 185 1632 aliaest
206 1565 394 1644 vincibiles,
416 1574 451 1630 et
474 1572 524 1630 eet
547 1567 600 1630 rel
623 1563 796 1652 affectata,
818 1569 953 1651 quando
979 1571 1081 1637 bomo
1105 1575 1149 1640 de

60 1651 362 1738 praeceptisdivinls
378 1653 585 1736 institninon
602 1655 685 1730 vult,
706 1661 745 1716 ut
759 1658 905 1720 securius
920 1660 959 1720 in.
969 1665 1149 1740 peceatum

60 1745 152 1816 ruat;
172 1736 350 1802 edoctam
364 1741 500 1803 viarum
515 1742 652 1802 inarum
666 1741 829 1816 nolumus,
850 1739 916 1805 lob
930 1746 1001 1806 xxi.
1022 1745 1069 1808 lt.
1092 1745 1148 1810 vel

59 1843 95 1887 ex
108 1825 322 1910 negligentia
339 1818 424 1900 orta,
446 1825 579 1906 qnando
597 1823 696 1887 bomo
712 1843 797 1906 eam,
819 1845 920 1908 quam
937 1827 1091 1914 debebat,
1113 1836 1149 1896 et

58 1917 195 1991 poterat,
217 1909 424 1992 diligentiam
439 1929 505 1972 non
522 1907 678 1992 adbibet3
710 1911 899 1992 ignorantia
920 1931 1041 1990 rerum,
1063 1933 1148 2000 quas

58 1999 133 2059 scire
150 2016 219 2068 non
235 2001 401 2074 tenemur,
423 2001 458 2060 ει
471 1997 659 2078 ignorantia
674 1993 885 2078 invincibilia
899 1999 919 2061 i
934 2005 1074 2080 peccata
1089 2020 1148 2066 ex·

57 2089 157 2158 cusat,
179 2083 243 2144 nisi
258 2081 344 2158 forte
356 2077 545 2164 ignorantia
559 2078 690 2144 sublati
704 2085 817 2144 actum
859 2087 1015 2166 restitum
1028 2102 1148 2170 appro-

57 2165 186 2231 bemus:
218 2163 278 2254 sed
303 2169 492 2250 ignorantia
516 2165 690 2232 vincibilis
715 2185 783 2264 aeu‘
800 2101 975 2250 affectata,
1009 2171 1078 2233 sive
1103 2189 1148 2238 ex

54 2255 363 2406 aagliglanlffuorta.
385 2258 435 2320 est
450 2259 637 2338 peccatum,
651 2269 801 2336 quamvis
818 2269 884 2314 una
898 2253 1006 2318 altera
1019 2257 1064 2320 sit
1077 2275 1150 2322 ma·

75 2359 99 2402 ιε
115 2359 158 2404 cn
278 2357 312 2405 s..
478 2389 484 2400 .
717 2387 721 2400 .

54 2359 72 2422 g
92 2359 344 2509 Qinffisaliud
356 2428 408 2489 εει
428 2428 604 2507 peccatum
619 2417 846 2500 infirmitatis,
868 2421 1079 2500 quotidiana
1093 2425 1148 2492 'in-

51 2509 267 2588 caraals‘ania,
299 2508 391 2594 quod
417 2512 522 2571 oritur
543 2525 590 2568 ex
615 2499 816 2588 ignorantib,
837 2505 1063 2589 subreptione,
1092 2511 1149 2576 vel

52 2597 141 2677 gravi
155 2591 271 2680 sttqol
286 2597 438 2677 passione
453 2585 637 2666 subitanei,
655 2589 821 2673 judiciam
845 2594 1086 2670 antevertente,
1108 2601 1151 2661 ιιι

54 2683 242 2766 repentinas
262 2686 380 2755 metus,
401 2679 461 2756 ira,
482 2673 774 2759 voluptas,1dolor,
796 2673 983 2762 diciturque
1005 2677 1149 2761 irfirmi·

53 2770 145 2846 tatia,
166 2765 342 2852 qniajnon
368 2771 436 2848 tarn
460 2763 645 2838 voluntate,
666 2761 767 2846 qndm
789 2765 917 2828 natura
937 2771 1067 2840 nostra¹
1085 2769 1148 2832 im·

52 2851 243 2928 becillitate,
264 2869 337 2934 qum
351 2851 396 2914 ab
420 2847 592 2914 affectibus
606 2847 779 2932 abripitur,
801 2845 845 2920 ad
860 2851 1069 2932 peccandum
1085 2855 1147 2920 irn-

53 2939 226 3020 pellimur;
259 2936 409 3020 quamvis
432 2937 563 3000 'certum
588 2936 631 2998 sit
656 2933 786 2996 nullum
807 2939 985 3018 paeoniam
1010 2940 1146 3004 actuale

53 3043 144 3106 posse
158 3023 226 3087 dici
242 3021 394 3091 absolute
414 3021 679 3086 involuntarium
688 3039 700 3090 ,·
734 3035 813 3086 nam
828 3019 985 3082 voluntas
999 3029 1060 3084 aut
1076 3041 1145 3090 non

52 3113 127 3192 egit,
141 3107 236 3192 qnod
244 3105 389 3190 debebat
400 3124 509 3188 agere,
524 3111 585 3168 aut
595 3106 676 3185 egit,
691 3101 779 3186 qnod
795 3120 863 3164 non
878 3102 1022 3168 debebat
1035 3123 1147 3190 agere.

51 3195 152 3259 Aliud
164 3197 343 3279 peccatam
359 3193 516 3268 matitia,
538 3189 627 3274 quod
649 3207 693 3250 ex
714 3183 839 3250 malitid
864 3193 898 3250 et
921 3189 1146 3271 contumacii,

52 3279 215 3346 destinato
232 3281 336 3344 animi
349 3279 531 3362 proposito,
553 3294 594 3340 ac
610 3274 709 3358 pleno
724 3273 825 3336 animi
842 3291 1006 3338 consensu
1027 3296 1145 3362 perpe.

51 3371 165 3430 tratur.
201 3366 257 3430 Ρε.
272 3367 342 3432 xix.
362 3365 410 3430 14.
457 3363 687 3428 Pleneautesn
712 3360 915 3424 consensisse
936 3359 1143 3430 voluntatem

49 3461 151 3534 patet,
168 3471 270 3536 quum
286 3453 313 3514 is
329 3452 384 3534 qui
399 3455 529 3534 peccat,
544 3448 666 3512 affectu
683 3443 869 3509 vehementi
885 3464 953 3510 non
969 3445 1145 3532 abripitur,

49 3555 88 3601 ao
111 3545 244 3623 tempus
266 3535 367 3600 babet
393 3541 523 3600 mature
537 3529 754 3610 deliberandi,
779 3536 814 3596 et
829 3530 1025 3598 advertendi
1041 3536 1146 3620 turpi·

48 3623 197 3690 tudinem
219 3622 313 3700 iacti,
336 3621 428 3706 qnod
454 3619 644 3688 meditator.
689 3617 765 3684 Hoc
784 3623 961 3702 peccatum
985 3621 1144 3700 nolitote,

48 3713 162 3774 vocari
187 3713 299 3794 potest
320 3712 498 3792 peccatum
520 3712 639 3786 contra
660 3705 908 3782 concinnior»,
929 3704 988 3770 sed
1012 3703 1146 3772 duobus

47 3795 157 3863 modis
181 3799 342 3880 peccatur
367 3797 482 3868 caretro
506 3794 767 3866 accedentiam
801 3789 855 3854 rel
880 3789 1015 3874 quando
1042 3792 1147 3857 bomo

46 3881 143 3946 nullo
159 3879 371 3951 couscientia
386 3879 575 3960 dictaminis
590 3883 744 3962 respectu
759 3875 886 3954 habito,
901 3880 968 3941 suis
979 3875 1146 3962 cupidita·

46 3969 138 4050 tibns
152 3965 316 4050 indulget,
331 3970 366 4036 ει
380 3965 553 4050 indulgere
567 3965 657 4042 vnlt;
678 3963 747 4028 tale
760 3969 810 4027 est
825 3969 999 4046 peccatum
1015 3982 1143 4041 eorum,

46 4055 103 4138 qui
118 4047 143 4118 ι’
157 4053 263 4118 Panlo
289 4051 448 4118 dicuntur
468 4069 627 4135 procusa
650 4047 772 4198 apples,
785 4051 912 4142 sponte,
934 4047 1022 4152 lieb.
1036 4067 1072 4134 ,¹-
1087 4049 1142 4116 26.
1279 4091 1284 4105 ,

44 4141 264 4223 omniumque
293 4155 523 4224 eorumquae
555 4139 647 4204 Deus
694 4133 818 4220 eprobo
844 4153 905 4196 sno
930 4133 1039 4200 rennui
1069 4155 1142 4220 per·

45 4228 173 4304 mittit;
194 4225 261 4306 zvel
286 4223 421 4308 qnando
446 4225 548 4289 bomo
574 4221 736 4310 peccandi
760 4219 936 4288 dulcedine
965 4223 1144 4298 inescatus,

44 4309 238 4377 vehementi
265 4307 409 4396 quamn
432 4311 555 4378 snecta
583 4311 752 4396 abreptus,
784 4311 903 4372 contra
930 4311 1142 4378 conscientie

45 4393 217 4462 dictamen
242 4403 383 4480 peccato
409 4415 480 4460 sese
495 4396 574 4475 ιιιι,
594 4417 663 4464 non
686 4397 757 4462 sine
780 4389 873 4462 lucta
893 4398 1017 4472 tamen,
1037 4401 1074 4461 et
1092 4395 1142 4456 ita

45 4489 190 4566 peccant
204 4479 387 4571 aliqnando
400 4484 556 4570 regeniti.
