3000 5006
46 535 109 614 top.
128 531 173 618 3.]
294 623 296 627 v
389 549 435 598 nn
457 549 758 602 rnsrrsrcserosn.
1044 537 1109 606 305

77 704 146 766 Vti,
170 703 254 767 Hmo
270 703 395 768 Christi
410 705 600 772 obedientie
614 706 709 772 nobis
724 707 912 790 impetierit
927 687 1108 791 perfeetum

46 795 244 856 remissionem
263 800 486 872 peccatorum,
508 801 541 855 et
553 795 733 876 perfectam
745 794 972 858 liberationem
985 795 1108 860 abom-

44 878 67 934 ni
81 895 179 956 pooun,
205 877 291 940 unde
308 877 401 940 Deus
416 879 538 940 dicitur
553 881 720 962 projicere
725 886 804 961 poet
815 888 943 963 tergum
955 890 1108 960 peccato,

42 979 91 1021 non
111 966 286 1044 imputare,
307 963 424 1038 detero,
445 983 511 1028 non
531 966 712 1042 recordari,
734 966 823 1048 quod
845 985 911 1030 non
933 965 1110 1042 diceretur,

42 1049 61 1106 si
74 1067 177 1110 eorum
195 1066 328 1130 poenurn
346 1048 457 1120 adhuc
471 1051 635 1131 exigerem
656 1058 691 1114 et
709 1052 786 1116 hinc
806 1052 846 1114 tit
861 1059 899 1114 ut
909 1051 1109 1132 justificatos

39 1151 134 1212 pacem
153 1133 275 1198 hebere
288 1134 377 1216 apud
394 1135 505 1198 Deum
522 1137 664 1212 dicatur,
686 1143 720 1200 et
735 1157 795 1219 pro
810 1137 874 1202 iltis
893 1137 1019 1200 nuttam
1035 1157 1106 1204 esee

40 1217 343 1295 condemnationem,
364 1219 452 1304 quod
462 1241 530 1286 nou
541 1221 718 1300 diceretur,
731 1225 757 1286 si
769 1222 880 1286 adtrnc
891 1219 1004 1306 aliqua
1012 1243 1112 1306 pmna

40 1311 106 1364 esset
119 1305 346 1386 persolvenda.
581 1373 586 1386 ‚

72 1387 161 1454 Viti.
187 1390 351 1474 Equidem
368 1411 434 1454 non
451 1391 630 1456 diffitemur
645 1396 742 1457 variis
756 1393 988 1458 afflictionibus
1003 1413 1107 1478 expo·

37 1475 63 1534 ni
81 1495 161 1558 sepe
183 1475 306 1552 fideles,
328 1496 399 1560 qum
420 1476 540 1542 nnturd
562 1475 622 1542 sut
644 1499 727 1546 verse
748 1487 825 1542 sunt
845 1482 974 1564 peccati
994 1499 1066 1562 poet
1084 1507 1110 1558 .·,

31 1558 113 1638 juxta
136 1563 221 1643 tegis
240 1566 542 1639 comminationem,
564 1565 620 1628 sed
638 1572 771 1648 propter
792 1567 970 1647 gratuitam
994 1583 1109 1630 recun-

35 1645 222 1723 ciiiationem
239 1668 315 1712 curn
334 1648 410 1712 Deo
425 1653 458 1712 in
477 1649 610 1722 Christo
628 1649 785 1714 desinunt
807 1671 877 1724 esse
896 1671 1011 1734 pmnm,
1031 1658 1110 1716 sunt

34 1735 144 1795 tantum
159 1737 395 1816 castigationes
404 1743 561 1818 paterna,
575 1736 852 1818 probationesnut
863 1737 1110 1802 testificationes

32 1813 65 1877 de
79 1824 216 1899 veritate
231 1819 405 1894 doctrinm
429 1821 516 1884 unde
532 1839 608 1884 cum
624 1820 793 1887 beneficiis
804 1822 869 1884 Dei
878 1830 1109 1890 accensentur,

33 1907 150 1968 etcum
183 1906 305 1988 gaudio
330 1907 518 1986 conjunctas
543 1911 633 1980 sunt,
654 1924 695 1968 ac
720 1907 763 1968 de
788 1907 828 1968 iis
853 1907 988 1986 gloriari
1010 1905 1110 1972 licet?

32 1984 94 2052 Non
110 1999 252 2071 possunt
267 1994 378 2073 itaque
395 1994 505 2054 roonri
516 2009 640 2070 perenm,
662 1993 724 2053 nisi
744 1993 822 2074 quia
844 1989 964 2054 natust
978 1990 1036 2055 sud
1051 2013 1111 2076 per

31 2089 56 2132 se
71 2085 143 2140 sunt
159 2095 278 2158 poenae
296 2078 441 2158 peccati,
462 2083 498 2140 et
521 2079 599 2158 quin
621 2075 763 2140 tendunt
784 2075 829 2140 ed
850 2077 1110 2142 destructionem

30 2165 136 2238 ceruis3
159 2161 220 2226 sed
236 2182 304 2238 pou
321 2161 441 2226 debent
459 2164 569 2226 vocari
590 2182 705 2244 poenm
721 2165 863 2246 proprie,
885 2183 947 2228 uec
962 2167 1049 2228 enim
1066 2183 1110 2228 ex
1141 2221 1143 2229 ,

30 2243 65 2306 ut
79 2247 140 2312 Dei
158 2247 355 2330 infliguntur
369 2247 412 2312 nd
430 2248 588 2312 ultionem
605 2251 735 2332 peccati
755 2257 790 2312 et
810 2253 994 2334 peccatoris
1015 2252 1112 2314 exiti·

31 2345 81 2392 um.
126 2333 198 2398 Hic
214 2353 280 2400 non
297 2333 414 2400 inutile
430 2337 492 2399 erit
507 2337 629 2400 reterre
644 2335 814 2418 exemplar
830 2335 979 2399 turmulm
992 2355 1109 2402 coneo·

30 2411 150 2496 latoriae,
176 2437 248 2501 qum
268 2419 427 2484 Anselmo
449 2419 710 2501 Archiepiscopo
737 2421 970 2486 Cantuariensi
995 2421 1110 2486 tribui·

31 2505 84 2578 tur;
115 2508 210 2570 circa
224 2503 265 2568 A.
287 2506 378 2568 109³.
422 2504 462 2566 ln
479 2507 553 2578 hac,
575 2507 699 2566 eximin
719 2503 839 2584 legitur
862 2503 1109 2584 justificationis

29 2595 131 2654 nostrse
148 2609 209 2672 per
225 2593 342 2652 merite
358 2587 482 2650 Christi
498 2589 672 2670 expositio.
705 2589 840 2654 ¹Annon
861 2589 971 2650 credis
988 2597 1022 2652 te
1043 2608 1112 2652 non
1151 2633 1154 2640 -

27 2677 166 2748 potue'see
181 2676 311 2740 cavari
322 2675 393 2738 nisi
411 2690 473 2752 ptr
486 2675 620 2738 amntem
635 2672 774 2736 Domini
785 2672 915 2738 nostri?
956 2673 1112 2740 Affirmet

29 2775 108 2838 sper,
130 2777 216 2840 crgo
237 2760 343 2825 tando
367 2757 485 2835 Deum,
506 2764 538 2822 et
552 2760 688 2841 gratioe
713 2761 771 2824 itti
784 2777 850 2843 oga
865 2763 931 2827 toto
956 2766 1110 2843 tempore,

28 2858 69 2920 no
92 2846 205 2917 vivis,
226 2849 258 2906 et
272 2846 388 2910 anieno
409 2846 446 2906 in
465 2849 497 2910 tc
520 2849 580 2920 eet,
601 2851 633 2908 et
655 2846 779 2908 cottocn
804 2845 1110 2926 ornncmfidncr'nm

26 2935 152 3012 stipem
168 2934 201 2992 ct
211 2948 353 2992 amorem
367 2941 461 2995 tunm
475 2931 512 2992 in
526 2931 612 3012 ipso,
633 2933 665 2992 et
679 2932 717 2991 in
731 2931 836 2993 nattis
851 2933 935 2994 otiis
955 2934 1062 3008 retae,
1077 2937 1111 2998 et

27 3015 211 3080 nnnrcnda
224 3017 256 3080 te
271 3019 379 3097 ipson
396 3016 554 3096 passioni
568 3019 599 3076 et
624 3015 724 3076 morti
744 3015 882 3076 Domini
904 3021 1010 3078 nostri
1026 3017 1111 3081 Jecn

29 3099 155 3176 ttrmtt,
179 3100 240 3183 6⁴0.
286 3101 334 3164 Et
348 3101 382 3162 σι’
401 3106 433 3162 tc
447 3099 606 3182 judicare
621 3099 701 3162 vetit
714 3115 891 3179 supremus
905 3101 1024 3178 judee,
1040 3105 1111 3164 turn

26 3187 64 3246 ric
77 3189 222 3270 tepuere,
244 3184 397 3258 Domina,
416 3189 549 3250 neortem
574 3184 701 3250 Clrrr'sti
716 3186 888 3264 interpono
902 3186 989 3248 inter
1009 3205 1059 3247 me
1080 3193 1112 3248 et

30 3277 105 3336 tuum
120 3271 308 3358 predic-inm,
330 3277 361 3336 ct
375 3269 504 3336 anuum
518 3271 617 3336 alind
637 3289 722 3352 opus
734 3271 818 3332 mint
832 3287 977 3351 arrogo,·
1010 3270 1112 3336 Etsi

27 3360 82 3422 tun
95 3361 198 3424 dicat
213 3355 390 3432 Dominus,
410 3359 550 3420 neeritne
564 3376 599 3418 ee
619 3357 927 3428 condemnationem,
950 3359 1021 3418 turn
1043 3357 1111 3432 dic,

27 3439 170 3518 Domine,
194 3450 288 3508 tunm
312 3443 589 3516 misericordium,
615 3447 646 3504 et
674 3449 767 3506 tunm
797 3440 949 3504 centon
976 3445 1110 3520 orontem

27 3527 213 3612 interjscngo
227 3531 316 3594 inter
330 3533 361 3592 te
375 3533 406 3592 et
425 3547 486 3591 rne.
540 3567 547 3582 κ
1089 3584 1092 3593 .
1128 3537 1133 3552 ’

60 3613 117 3676 tx.
144 3615 231 3680 Hoec
256 3607 453 3696 justificatio
472 3611 594 3678 dicitur
617 3612 687 3677 deri
714 3632 772 3695 per
794 3611 906 3690 fidem,
930 3612 1005 3677 loca
1031 3619 1111 3681 sunt

24 3715 185 3781 expressa,
210 3699 306 3764 Rom.
324 3699 437 3774 ittet,
452 3699 503 3762 25.
535 3699 611 3778 Gai.
635 3701 668 3762 ii.
690 3699 737 3761 16.
761 3699 820 3764 sed
842 3699 897 3762 hto
917 3702 1009 3762 varia
1031 3703 1110 3761 suut

29 3787 180 3852 notanda.
231 3786 257 3848 l.
281 3783 399 3850 Fidem
414 3804 476 3851 nos
488 3803 556 3848 non
571 3783 767 3866 justificare
787 3787 919 3868 proprie
940 3793 975 3848 et
990 3803 1049 3867 per
1064 3805 1111 3858 se,
1132 3857 1135 3863 f

25 3875 108 3950 quari
134 3877 238 3938 setus
258 3870 413 3936 credendi
439 3877 612 3952 reputetur
640 3889 698 3951 pro
718 3865 850 3950 justitie
876 3865 989 3933 nostri
1017 3870 1110 3950 apud

25 3951 139 4034 Deum,
164 3976 226 4040 per
247 3958 424 4038 gratuitam
446 3955 743 4037 occeptttotionem,
766 3957 845 4036 quin
859 3975 927 4018 non
944 3955 1105 4036 justifica-

24 4057 99 4122 mur,
122 4047 188 4108 nisi
214 4063 271 4124 per
289 4044 454 4124 justitiam
477 4039 678 4122 perfectum
700 4039 859 4121 siquidem
877 4061 928 4102 res
951 4041 1045 4102 nobis
1062 4051 1112 4104 est

23 4143 89 4192 eum
119 4127 248 4196 exactd
269 4124 422 4210 justitie:
451 4133 486 4188 at
519 4121 599 4186 fides
624 4124 716 4186 nulla
738 4134 788 4187 eet
818 4123 872 4188 ute
900 4126 1057 4207 perfecta.
1080 4128 1112 4188 2.

23 4207 99 4278 Quia
116 4215 319 4298 justificatio
331 4220 444 4276 nostru
460 4209 616 4274 tribuitur
632 4208 843 4292 peculiariter
866 4217 899 4274 et
916 4213 1030 4292 gratim
1046 4210 1112 4276 Dei

22 4307 50 4358 et
62 4301 288 4384 redemptioni
304 4305 423 4364 nostem
439 4296 537 4360 Rom.
554 4299 597 4358 iii.
614 4295 666 4358 24.
711 4295 746 4358 2¹
768 4293 861 4360 Fidei
877 4297 1033 4360 tribuitur
1040 4297 1110 4378 jus·

26 4385 155 4452 ttostio
171 4385 306 4452 duabus
322 4385 363 4450 de
379 4389 505 4460 neusin
527 4401 594 4446 non
612 4381 719 4458 mndd,
731 4384 808 4465 quit
823 4389 872 4448 est
889 4385 1032 4448 conditio
1043 4385 1114 4464 soe-

558 4482 583 4530 x
1202 4487 1206 4495 .
