3032 4998
348 427 395 496 66
665 435 868 489 nemmem
888 427 1114 488 csnimrnus.
1289 412 1377 508 [bit.
1390 415 1441 482 11.

348 599 460 665 emensi
474 593 585 662 iliud?
628 593 706 679 Ego
719 593 883 658 Dominus
892 599 1048 660 mutum
1058 613 1125 666 cor,
1138 595 1170 656 ei
1181 587 1331 676 probum
1346 607 1443 654 rem

348 682 407 768 qo.
455 681 541 745 Psul.
557 681 694 743 xxxviii.
715 681 761 744 10.
787 677 928 746 Domine
941 697 1053 744 corum
1066 687 1098 742 tc
1111 681 1161 742 est
1175 697 1267 742 omne
1281 675 1443 738 decideri-

350 788 408 832 um
421 786 537 844 mmo,
558 770 589 829 et
613 767 801 848 suspirium
824 784 931 830 meum
949 785 1013 830 non
1038 769 1089 830 est
1107 765 1131 826 d
1152 771 1183 826 te
1201 761 1444 826 absconditum.

354 853 400 918 Et
425 853 494 916 huc
519 855 632 916 omnic
657 849 731 914 locu
752 849 991 916 confirmentur
1013 870 1055 914 ex
1077 853 1127 927 iis,
1149 869 1219 934 qum
1244 848 1384 928 legimus
1400 845 1446 908 de

352 939 497 1010 Daniele
510 937 623 1002 divino
639 935 763 1022 Spiritu
779 937 946 1000 reuelante
962 939 1029 1018 regi
1043 933 1223 1021 Babylonis
1234 937 1379 1008 somnia,
1401 929 1446 994 de

354 1027 472 1092 Eiizoo
485 1022 661 1106 detegente
686 1023 754 1104 regi
777 1018 905 1086 lsrcclis
926 1022 1064 1086 consiliu
1081 1025 1166 1104 regis
1181 1021 1296 1106 Syrie,
1318 1037 1391 1102 qum
1407 1019 1444 1080 in

351 1109 498 1175 cubiculi
512 1112 564 1172 sui
580 1109 738 1192 penetrali
755 1105 987 1172 meditabatur.
1375 1143 1382 1156 =

395 1195 439 1258 X.
464 1195 517 1258 De
532 1194 719 1258 actionibus
736 1193 887 1258 humenis
901 1197 1001 1256 etium
1018 1212 1085 1256 non
1102 1212 1185 1276 opus
1195 1197 1255 1266 est,
1278 1197 1316 1253 ut
1331 1189 1448 1254 multis

353 1283 543 1366 probemus,
563 1279 630 1344 iob
644 1281 738 1342 xxxi.
749 1281 782 1344 4.
806 1280 924 1344 Nonne
940 1281 1012 1360 ipse
1025 1279 1119 1346 uidet
1129 1282 1208 1342 vioe
1222 1295 1324 1352 omne,
1345 1283 1377 1340 et
1392 1277 1448 1339 di·

353 1371 506 1430 numerot
515 1385 640 1446 puseus
654 1384 751 1440 meos,
773 1365 894 1448 quibus
907 1365 984 1428 oddi
997 1363 1096 1428 debet
1111 1370 1202 1427 totus
1225 1363 1277 1426 Pe.
1285 1363 1425 1426 cxxxix.

397 1453 458 1516 Xl.
484 1451 558 1514 Nec
573 1453 645 1533 ipsc
655 1453 1036 1532 peccatu-excipiuntur,
1059 1449 1167 1514 Psnlm
1183 1451 1249 1514 xiv.
1266 1447 1297 1512 2.
1310 1449 1340 1512 3.
1375 1447 1449 1510 ier.

355 1539 422 1601 xvi.
438 1537 486 1599 ll.
522 1535 621 1599 Oculi
645 1537 710 1600 mci
735 1537 915 1600 udumtunt
940 1537 987 1600 ad
1005 1555 1115 1600 omues
1135 1537 1215 1598 uiue
1235 1553 1355 1602 emm.
1378 1553 1449 1598 nom

353 1625 434 1686 eunt
455 1621 660 1686 abeeooditoe
678 1621 702 1684 ὰ
715 1621 816 1703 socie
833 1641 906 1686 mec
916 1643 930 1696 ,·
960 1641 1061 1704 nequo
1081 1625 1132 1686 eet
1146 1621 1263 1686 obdito
1277 1621 1451 1704 iniquitas

353 1727 464 1772 mm
478 1727 522 1770 ec
541 1708 683 1772 adverso
704 1711 871 1770 oculorum
891 1727 1046 1782 meorum,
1076 1715 1111 1770 et
1126 1705 1194 1772 duo
1209 1707 1320 1789 coptu
1336 1707 1448 1788 Apoc.

354 1796 389 1858 ii.
406 1800 440 1856 et
455 1795 500 1856 iii.
525 1791 617 1857 Novi
627 1811 731 1876 opero
745 1797 806 1856 tuo
826 1793 887 1876 dc.
910 1793 995 1856 idem
1017 1799 1186 1856 evincunt.
1231 1791 1302 1856 imo
1316 1809 1358 1854 ne
1374 1793 1451 1875 ipsc

354 1880 447 1944 entia
463 1877 622 1943 Rationis
631 1899 645 1952 ;
680 1875 773 1942 Deus
794 1881 882 1942 enim
904 1897 1018 1942 omnes
1039 1881 1162 1962 ingenii
1184 1878 1320 1958 humani
1337 1883 1452 1940 motus

354 1971 626 2114 pepppppitbmia
638 2049 762 2132 itaque,
777 2069 848 2131 quc
859 2050 936 2114 sciri
951 2055 1098 2132 possunt,
1117 2049 1208 2114 Deus
1218 2050 1322 2123 novit,
1336 2047 1451 2131 Scrip-

354 2131 430 2199 turd
445 2134 568 2216 ubique
582 2133 735 2210 docente,
757 2141 791 2196 et
806 2136 1034 2198 consentiente
1049 2137 1194 2212 ratione5
1217 2153 1292 2198 num
1309 2136 1333 2196 si
1352 2133 1452 2198 Deus

355 2239 424 2284 nou
441 2221 540 2283 sciret
554 2223 677 2294 omnic,
698 2237 772 2300 qum
794 2220 869 2281 sciri
892 2229 1043 2301 possunt,
1064 2227 1175 2303 posset
1189 2219 1260 2284 duri
1283 2239 1342 2284 ens
1356 2217 1455 2286 uliud

355 2305 548 2390 perfectius,
570 2303 661 2386 quod
686 2311 771 2366 esset
795 2305 1002 2380 omniscium,
1027 2323 1068 2368 cc
1092 2305 1230 2388 proinde
1255 2303 1348 2370 Deus
1373 2307 1453 2384 iste,

356 2409 457 2540 puem
473 2389 624 2466 colimus,
639 2408 761 2452 nomeu
777 2387 842 2452 Dei
853 2408 919 2454 non
932 2401 1125 2468 mereretur,
1146 2391 1233 2456 absit
1245 2391 1468 2475 blasphemio·

309 2523 313 2539 .
381 2481 471 2554 icto;
492 2475 654 2560 siquidem
671 2473 764 2538 Deus
779 2481 830 2538 est
844 2475 911 2540 tule
926 2495 995 2554 ens,
1017 2495 1083 2560 quo
1099 2496 1166 2541 non
1187 2476 1284 2541 detur
1298 2495 1360 2542 nec
1376 2477 1456 2542 dcri

355 2570 467 2648 potest
482 2562 670 2646 perfectius.

401 2647 502 2712 Xlll.
526 2645 597 2712 Nec
613 2645 869 2713 existimandum
884 2651 934 2711 est
949 2667 992 2712 ex
1007 2667 1059 2726 eo,
1074 2647 1163 2732 qudd
1180 2649 1402 2714 minutissime
1418 2654 1456 2714 et
1506 2685 1507 2696 κ

355 2735 476 2800 vitioso
491 2753 586 2796 nosse
602 2732 731 2796 dicatur
748 2733 852 2808 Deus,
875 2739 1050 2816 propterea
1070 2735 1227 2798 vilescere
1249 2743 1309 2800 cut
1331 2743 1456 2812 conlp-

354 2821 455 2904 'gione
470 2817 613 2901 quodum
630 2817 718 2881 infici
734 2823 878 2881 mentem
893 2817 1049 2882 divinum.
1095 2819 1165 2884 Eue
1175 2823 1262 2886 enim
1280 2821 1456 2905 perfectis·

354 2907 475 2972 simum
491 2903 590 2968 debet
611 2921 652 2966 ec
673 2904 785 2966 omniu
806 2922 912 2978 nosse,
934 2923 1006 2987 qum
1020 2905 1161 2988 intelligi
1187 2913 1335 2990 possunt,
1358 2915 1395 2970 et
1412 2927 1456 2972 eu

356 3011 429 3075 quoe
444 2997 562 3054 contre
575 2991 677 3071 ipsius
692 2988 797 3070 legem
813 2987 914 3068 iiuut;
936 2997 1074 3073 peccatu
1088 2991 1157 3074 qud
1170 2996 1304 3076 cognitu
1314 2991 1458 3059 inficere

357 3081 549 3160 nequeunt3
571 3073 627 3138 sed
644 3079 773 3138 tentum
791 3077 855 3158 qud
869 3077 1055 3159 approbate
1069 3077 1122 3140 vel
1139 3081 1292 3161 prestito.
1506 3083 1507 3156 ζ

402 3161 500 3225 XlV.
525 3161 604 3224 Non
630 3160 900 3224 dissimulandum
932 3170 1043 3226 tumen
1069 3163 1247 3246 aliquando
1277 3185 1318 3228 eo
1347 3165 1459 3230 modo
1506 3183 1507 3194 ¹

358 3246 450 3329 loqui
465 3247 587 3322 Deum,
609 3248 702 3328 quusi
717 3245 840 3329 uliquid
855 3249 1074 3328 ignoraverit3
1096 3254 1209 3314 serum
1225 3249 1322 3314 simul
1338 3251 1458 3314 obser·
1506 3297 1507 3302 η

357 3331 506 3394 vandum
524 3333 586 3394 hoc
601 3351 668 3394 non
685 3334 788 3414 magis
809 3333 904 3394 nobis
926 3335 1043 3396 mirum
1066 3331 1169 3398 videri
1193 3335 1323 3410 debere,
1345 3342 1458 3419 quum

358 3417 469 3500 legere
485 3422 658 3480 innumere
673 3415 758 3492 locs,
780 3419 814 3480 in
836 3417 953 3499 quibus
975 3421 1089 3499 pedes,
1109 3439 1240 3496 monus,
1261 3423 1319 3506 dc.
1346 3425 1459 3488 tribu-

358 3509 461 3568 untur
477 3503 562 3576 Deo,
584 3503 796 3583 queomniu,
819 3507 857 3564 ut
872 3503 943 3585 jum
966 3503 1093 3569 dictum
1117 3515 1168 3570 est
1185 3507 1276 3584 olibi,
1307 3506 1462 3590 impetis

359 3587 576 3670 intelligendo
590 3595 676 3650 sunt.
723 3587 801 3650 Non
820 3587 1002 3653 mirandum
1018 3593 1129 3674 igitur,
1152 3595 1178 3656 si
1188 3593 1275 3658 Gen.
1287 3595 1378 3660 xviii.
1400 3597 1460 3662 21.

360 3675 456 3740 Deus
470 3673 700 3738 introducetur
711 3672 824 3736 dicens
839 3672 880 3736 de
892 3674 1080 3754 Sodomitis,
1101 3679 1297 3744 ducendum
1310 3684 1343 3744 ei
1358 3683 1462 3748 cide·

360 3759 409 3826 do.
453 3759 534 3824 Ideo
551 3760 619 3823 hmc
636 3758 761 3841 proiert
782 3759 873 3823 Deus
906 3762 934 3824 l.
956 3760 1011 3826 Ad
1035 3763 1331 3830 commendendam
1357 3787 1462 3836 suum
1506 3833 1507 3840 ,

356 3848 532 3928 justitium,
554 3865 596 3908 ue
611 3864 699 3908 ccco
715 3845 827 3909 lurore
843 3849 985 3928 percitus
1005 3847 1049 3911 ud
1073 3851 1253 3916 vindictum
1273 3873 1464 3936 properare
1506 3911 1507 3916 ,

359 3933 536 3996 videretur.
581 3931 612 3994 2.
635 3929 691 3994 Ad
707 3931 967 4014 patefaciendum
983 3953 1075 3998 suum
1090 3936 1392 4018 longanimitatem,
1409 3965 1465 4008 se·
1506 3947 1507 3976 ¹

362 4020 510 4082 cundum
526 4037 621 4104 quum
637 4017 680 4080 cd
697 4037 809 4101 pmnus
824 4037 891 4082 non
908 4030 1072 4102 properet,
1093 4021 1171 4088 iicet
1195 4045 1270 4089 eum
1290 4035 1465 4107 provocet

362 4103 710 4181 obstinotnhominum
723 4105 859 4168 melitis.
903 4107 933 4172 ³.
956 4105 1012 4170 Ad
1026 4106 1191 4191 figendum
1202 4113 1465 4195 magistratibus
1506 4095 1507 4144 Τ

362 4185 397 4252 in
413 4187 556 4252 terendis
567 4189 701 4271 judiciis
718 4191 877 4270 regulum.
1506 4207 1507 4252 l

407 4271 486 4338 XV.
509 4273 556 4339 Ut
572 4277 645 4358 jum
660 4274 703 4340 de
727 4273 839 4356 modo,
860 4295 928 4360 quo
950 4277 1044 4348 Deus
1064 4283 1177 4348 omniu
1198 4284 1304 4366 novit,
1323 4285 1468 4373 aliquid
