3000 4998
52 527 130 612 cop.
149 524 212 612 ld]
449 545 497 596 ns
518 545 740 601 rrsnrnrosr.
1070 537 1136 606 ree

52 705 147 784 ceput
162 697 349 777 reclinsret,
364 706 515 767 mortuns
529 723 614 788 opus
630 703 777 782 heberet,
793 709 831 770 ut
840 706 948 772 cliens
958 707 1139 776 liberalitas

52 787 88 850 de
102 784 282 868 sepulchro
298 788 512 870 prospiceret.
546 789 612 854 llic
622 790 757 872 juvebit
771 791 923 874 quedem
938 793 1139 874 observasse,

54 875 79 936 l.
99 871 308 936 Christumh
322 872 471 956 losepho
485 875 739 940 Arimsthuensi
754 877 933 962 sepultum,
955 882 1010 960 qui
1023 882 1139 946 occul·

53 965 99 1020 tus
114 958 227 1022 lueret
242 955 366 1022 Christi
381 958 583 1044 discipulns3
613 961 762 1045 losepho
785 963 903 1028 Metire
926 959 999 1027 viro
1015 964 1139 1031 Christi

50 1045 213 1108 noscentis
227 1062 321 1106 cunm
334 1063 422 1108 curm
436 1046 595 1124 luerunt3
615 1047 711 1112 elteri
726 1047 875 1132 losepho
889 1047 1038 1131 ejusdem
1054 1069 1143 1116 mor·

51 1132 93 1194 tui
109 1131 331 1194 committitur
352 1131 532 1214 sepulture.
575 1131 607 1196 2.
631 1133 853 1202 Nicodemum
875 1135 923 1200 iili
938 1133 1088 1218 losephu
1101 1155 1139 1200 ee

48 1217 206 1298 iussim,
226 1219 261 1278 et
284 1216 462 1280 mixtursm
479 1218 621 1304 myrrhoe
636 1225 671 1282 et
684 1219 785 1296 cloes,
806 1219 851 1286 od
864 1220 965 1284 libres
979 1219 1048 1286 lere
1063 1241 1142 1288 cen·

51 1309 130 1377 tum,
154 1300 316 1377 rettulisse,
346 1301 425 1366 doh.
440 1305 509 1368 xix.
524 1305 577 1368 89.
622 1303 700 1370 Mos
714 1307 839 1390 quippe
859 1315 931 1371 erut
945 1305 1139 1374 Judoeorum

49 1387 212 1452 osdssers
224 1388 427 1454 aromatibus
442 1388 632 1466 condiendi,
653 1409 751 1474 quem
767 1411 892 1458 morem
907 1392 951 1456 eh
966 1391 1141 1476 AEgyptiis

51 1474 237 1548 hauseram,
262 1491 343 1538 curn
370 1474 434 1538 hcc
463 1474 663 1554 discrimine,
695 1477 784 1560 quod
813 1477 970 1564 AEgyptii
999 1481 1140 1542 interius

49 1561 245 1640 intingentes
255 1561 383 1622 viscere
395 1561 597 1637 exiuehsnt,
608 1559 719 1626 ¹iudei
730 1568 809 1628 rerd
829 1567 974 1628 exterius
994 1569 1138 1628 ustum.

44 1648 76 1712 3.
93 1645 250 1711 Formam
261 1643 281 1708 J
286 1642 479 1710 udsicornm
490 1647 741 1732 sepulchrorum
756 1652 905 1714 inostris
916 1648 1006 1714 hsud
1017 1663 1137 1732 perum

50 1731 210 1798 diversum
225 1731 343 1796 inisse:
377 1732 529 1798 solehsnt
551 1733 777 1816 opulentiores
798 1755 973 1800 nevernum
989 1737 1029 1798 iu
1044 1741 1140 1818 petru

41 1835 209 1884 excersre
223 1835 295 1900 qum
310 1819 417 1900 primo
431 1835 542 1886 ereum
558 1818 696 1882 huheret
709 1821 742 1884 in
759 1821 868 1885 medio
883 1821 925 1884 ud
942 1823 1140 1902 ingressum,

44 1903 252 1986 ubertoque
274 1904 389 1968 nutem
412 1903 516 1965 lutere
529 1903 728 1984 speluncam
749 1903 827 1970 uret
852 1913 995 1988 quotuor
1020 1905 1140 1970 cubitis

47 1988 294 2070 depressiorem,
314 2005 390 2072 ane
404 2005 481 2050 sues
495 1991 615 2052 iterum
635 1988 773 2054 hnheret
786 1994 949 2056 ueritates
964 1991 1033 2054 sire
1049 1989 1141 2054 locu-

47 2073 107 2150 los,
128 2073 247 2156 ulique
262 2080 353 2148 usto,
371 2073 495 2158 ulique
518 2071 690 2150 tredecim,
711 2076 744 2137 in
761 2076 880 2156 quihus
896 2075 1141 2160 componeban-

47 2167 101 2224 tur
114 2158 289 2226 messere,
331 2160 364 2224 4.
388 2157 422 2222 N
424 2177 523 2226 orum
539 2157 639 2223 luisse
651 2159 866 2244 sepulchrum
880 2161 1071 2235 christine
1085 2161 1141 2226 vel

42 2245 148 2312 ulium
165 2243 288 2310 Christi
304 2243 390 2321 loco,
411 2244 466 2314 vd
488 2243 659 2312 Christum
674 2245 811 2310 ulterius
823 2245 999 2328 enjusdsm
1014 2248 1149 2310 virtute

43 2333 239 2398 suscitatum
254 2332 328 2413 quis
343 2331 430 2397 mule
444 2330 580 2396 lerintus
595 2330 731 2396 diceret.

86 2416 130 2482 v.
156 2417 208 2482 De
224 2415 394 2485 Dercenni
408 2416 540 2486 cirues·
553 2418 600 2482 od
613 2419 751 2498 interm,
772 2421 812 2480 nt
821 2415 949 2499 sliquid
960 2417 1140 2500 subjunge·

44 2523 129 2578 uus,
151 2506 209 2586 qui
222 2504 345 2586 legitur
360 2507 394 2566 in
410 2502 576 2585 symbols,
597 2503 697 2583 rulgd
712 2501 909 2583 Apostolicc
924 2500 1026 2564 dicto.
1070 2503 1141 2564 Oh·

43 2589 243 2656 serrsudum
257 2594 320 2664 est,
338 2589 462 2673 primd,
477 2586 767 2661 hunuurtioulum,
782 2585 824 2648 de
839 2587 998 2650 desuem
1010 2584 1138 2651 diruti

46 2675 92 2738 nd
105 2673 230 2756 offerus
246 2675 279 2734 in
290 2670 443 2737 omnibus
454 2668 695 2754 propemodum
706 2671 1142 2756 untiqnissymholisomitti.

50 2760 145 2826 llnde
161 2757 314 2824 Rudinus
328 2758 425 2822 initio
439 2758 547 2840 quinti
562 2756 664 2821 seculi
680 2761 831 2834 testetur,
853 2758 944 2822 huuc
958 2757 1139 2824 crticnlum

43 2865 105 2912 nec
121 2844 189 2924 legi
205 2844 239 2905 in
255 2842 321 2906 uilo
337 2841 489 2927 symbolo
506 2843 734 2909 Ecclesiernm
751 2845 908 2920 Orientis,
925 2864 986 2910 nec
1001 2848 1036 2909 in
1049 2863 1140 2931 sym·

46 2929 120 2995 bolo
140 2927 299 2991 Ecclesim
311 2926 478 3006 Romus,
492 2929 550 2994 red
562 2935 692 2996 tuntrlm
703 2931 737 2992 in
750 2930 903 3014 symbolo
914 2931 1136 3014 Aquileiensis

47 3015 218 3081 Ecclesioe,
251 3011 431 3096 lleperitnr
441 3014 571 3099 quidem
587 3017 621 3077 in
637 3015 800 3099 symbolo,
815 3015 917 3094 vulgh
930 3013 1021 3078 dicto
1034 3015 1140 3078 Aruc-

45 3103 200 3176 nosr'uso,
233 3097 292 3162 sed
313 3097 450 3174 dubium
475 3098 572 3158 vslde
593 3105 655 3169 est,
675 3117 718 3160 sn
743 3097 963 3160 Athanasium
986 3099 1140 3164 hebuerit

46 3193 226 3260 sucturum,
241 3190 330 3248 etun
346 3180 429 3246 illud
440 3177 718 3267 symbolumsnte
729 3199 854 3244 sunum
865 3185 1140 3248 sexcentesimum

48 3277 162 3336 notum
179 3271 280 3334 inerit
297 3268 466 3334 Ecclesirs.
716 3329 718 3334 ,

91 3357 248 3434 decundd,
270 3353 423 3439 quedem
444 3351 609 3438 symbols,
631 3371 706 3435 qum
729 3352 906 3417 articulum
922 3352 965 3417 de
979 3351 1138 3419 descensu

47 3441 171 3506 Christi
186 3441 230 3504 sd
245 3443 368 3505 interos
392 3439 590 3516 habuerunt,
612 3439 792 3504 articulum
813 3437 855 3504 de
871 3437 1043 3524 sepulturi
1057 3443 1139 3506 omi·

45 3531 132 3592 sisse.
178 3527 257 3590 Non
272 3523 482 3590 diffitendum
499 3532 610 3590 tumen
635 3524 846 3610 Aquileiense
861 3526 1050 3612 symbolum
1068 3527 1139 3592 hcc

47 3611 655 3696 duojunxius,ethrisuosrsrerente
676 3611 813 3676 Soerste
827 3612 926 3678 lihii.
949 3613 1140 3700 symbulum

49 3697 341 3782 Constsntinopuli
362 3695 560 3776 condidisse,
582 3698 640 3762 uhi
661 3699 870 3782 profitentur,
891 3717 927 3762 se
948 3697 1085 3764 eredere
1106 3699 1141 3762 iu

48 3783 229 3862 Christum,
251 3789 417 3850 mortuum
433 3789 468 3848 et
481 3784 662 3868 sepultum,
684 3786 788 3868 etqui
809 3783 1025 3852 subterraneo
1039 3801 1138 3869 pene-

49 3874 161 3949 trsrit,
183 3889 279 3956 quem
295 3872 394 3935 etism
410 3869 557 3934 internus
573 3870 810 3936 reformidsrit.

91 3957 216 4034 Tortid,
239 3955 403 4024 creditum
429 3955 530 4020 tuisse
553 3958 574 4020 1
599 3955 713 4022 multis
740 3955 907 4033 Pstrihus,
931 3955 1141 4024 descendisse

41 4039 218 4112 Christum
238 4041 284 4108 sd
298 4041 433 4118 interos,
454 4047 494 4104 ut
520 4039 659 4108 Justr'rro
674 4039 836 4124 Mortpre,
861 4041 1021 4108 Clemente
1035 4043 1138 4110 Ares·

45 4130 202 4205 ιιιιίήιιο,
224 4129 367 4204 Irenmo,
390 4126 542 4211 Origine,
569 4123 724 4202 Eusebio,
745 4135 780 4190 et
801 4126 912 4191 lorssn
937 4145 1010 4194 eom
1036 4130 1141 4214 opini-

46 4232 144 4283 onem
156 4213 288 4281 dedisse
303 4215 416 4281 loonm
431 4211 511 4276 huic
525 4209 691 4278 Articulo.

80 4301 223 4378 Quortd,
237 4301 358 4367 lslsum
369 4317 440 4364 esse
450 4303 562 4366 tumen
579 4297 747 4366 Christum
764 4297 972 4366 descendisse
981 4300 1132 4368 lucsliter

40 4383 84 4458 sd
105 4385 251 4470 interos,
265 4383 426 4482 quonuid
445 4382 659 4460 erediderunt
680 4383 730 4458 1111
743 4386 887 4458 vl’rrtres:
919 4389 999 4475 quis
1022 4391 1135 4458 suino
