3000 5006
53 439 128 523 cap.
145 439 193 528 a]
377 457 442 512 *aa
465 443 793 519 suucarer‘es‘norra.
1069 457 1135 525 ³26

13 611 19 654 i
51 611 306 677 Proscribuntar
331 617 504 700 pudicitia,
531 624 676 701 castitas,
702 623 872 704 modestia,
904 631 1134 714 temperantia,

47 707 78 760 et
91 700 243 796 qualibet
254 703 393 766 virtutes
404 706 444 766 ad
457 725 567 770 veram
578 709 873 776 sanctificationem
888 719 1006 778 mentis
1017 725 1132 782 etcor-

49 791 650 958 polllip‘liclldldgsprlecll'pjibszltbl·ulz
665 798 703 943 4¹,
720 797 877 957 dmum,
899 883 986 966 quud
1002 885 1131 950 definiri

48 953 123 1015 solet
139 957 263 1018 ulrenae
283 964 333 1020 rei
358 967 571 1026 marrucino
591 965 643 1026 vel
661 971 842 1048 usurpatio
858 971 963 1031 invito
988 969 1134 1048 domino,

47 1043 270 1140 cacriieginm,
288 1051 479 1126 peculatus,
498 1051 667 1134 plagium,
700 1057 923 1130 latrocinium,
950 1059 1134 1134 concussio,

47 1127 255 1191 namatus.
320 1131 346 1192 l.
387 1131 501 1196 Usnra
529 1131 645 1198 rodcn's
669 1144 704 1199 et
733 1137 920 1200 immodica.
975 1143 1005 1204 3.
1042 1139 1134 1220 Doli,

36 1209 188 1290 fraudes,
205 1225 238 1275 et
253 1216 545 1282 circumventiones
557 1241 671 1284 ornnes
682 1225 716 1286 in
730 1225 903 1297 mercibus,
921 1227 1134 1306 ponderibus,

45 1297 97 1358 bc.
152 1299 186 1361 4.
213 1299 375 1364 Auaritia
400 1307 548 1368 omnium
572 1307 732 1372 malorum
760 1307 863 1384 radix,
886 1309 957 1374 iac.
976 1331 1005 1372 r.
1022 1313 1054 1374 4.
1100 1313 1132 1377 b.

46 1381 188 1448 Desidia
202 1397 235 1448 et
247 1389 401 1469 ignavia.
448 1389 707 1456 praescribuntur
722 1397 749 1458 l.
771 1397 905 1476 adsigna
916 1415 973 1458 seu
984 1401 1134 1480 acquies·

46 1472 147 1531 centia
166 1476 200 1534 in
221 1489 319 1550 sorte,
346 1475 459 1538 iTira.
479 1479 521 1539 ri.
543 1477 572 1540 6.
608 1479 692 1542 Heb.
708 1481 777 1545 xiii.
793 1481 824 1543 c.
866 1482 894 1544 2.
918 1481 1135 1547 Parsimonia

42 1556 286 1639 etjiuguiitas.
330 1561 359 1624 8.·
385 1561 572 1626 Sinceritas
587 1569 777 1650 etjustitia.
821 1565 853 1626 4.
877 1566 1081 1633 Liberalitas
1097 1571 1138 1663 in

43 1655 492 1814 pappelgeigycoeetgemoepto
515 1741 672 1799 vetantur
705 1737 732 1800 l.
753 1737 863 1802 Falso
881 1711 1134 1814 testimoniam

45 1830 150 1873 omnes
182 1816 369 1880 caiumaioe.
416 1821 445 1881 2.
472 1823 595 1904 laipno
612 1823 761 1904 judicia.
806 1827 839 1886 8.
863 1823 1134 1887 obtrectationes.

42 1899 67 1958 i.
90 1898 284 1964 Mendacio.
329 1905 359 1966 5.
384 1903 509 1968 Omnes
535 1906 766 1971 simulationes
781 1907 916 1984 fraudis,
939 1918 974 1970 et
990 1911 1134 1972 malitias.

43 1981 462 2064 Praescribuntur,oeriias‚
476 1993 613 2064 candor,
626 1989 730 2074 fides,
745 1993 893 2076 winsia
907 1993 1022 2077 samm
1031 2013 1136 2076 proa-

41 2069 377 2224 ‘millinio
391 2077 1120 2248 iiiiiiititfflziziiin

43 2242 104 2304 iias
119 2243 276 2319 illicitas;
299 2247 364 2310 imd
382 2252 504 2328 primos
520 2259 630 2312 motus
644 2253 933 2332 coucupiscentia,
956 2269 1041 2332 quos
1052 2267 1134 2314 non·

45 2327 96 2389 uisi
108 2345 167 2410 per
183 2327 288 2410 legem
301 2335 457 2413 scriptam
473 2335 572 2396 brimo
584 2353 785 2412 cognoscere
793 2337 968 2415 potuisset,
990 2345 1136 2416 acapna·-

45 2411 124 2474 tolua
151 2421 314 2476 testatur:
348 2423 382 2476 et
400 2417 463 2476 boa
481 2415 672 2476 mandatam
698 2417 845 2490 inservit,
878 2415 1137 2497 lscupiditati·

44 2495 96 2558 bus
122 2515 165 2560 ac
186 2497 330 2560 motibus
347 2497 456 2558 cordis
472 2502 574 2558 nostri
596 2499 817 2568 relrmnaudia,
839 2505 873 2561 et
889 2505 926 2560 ut
952 2499 1137 2584 hypocritis

42 2589 182 2645 externa
197 2584 425 2644 sanctimoniae
441 2583 664 2647 ostentatione
674 2599 743 2644 sese
760 2581 1017 2659 venditantibua,
1040 2586 1138 2652 :larva

43 2667 247 2739 detrabatur,
270 2673 304 2728 et
329 2665 542 2750 supercilium
568 2665 754 2750 dejiciatur.
798 2665 829 2730 2.
852 2667 1038 2733 Naturale
1062 2671 1138 2734 isia·

43 2756 119 2816 toris
148 2759 183 2812 et
202 2751 350 2836 obsequii
376 2751 451 2815 Deo
467 2751 580 2826 debiti,
604 2753 720 2814 meliis
735 2749 942 2818 denotandae.
981 2755 1017 2821 3.
1060 2755 1137 2820 ufir·

43 2838 151 2902 nitati
161 2845 195 2898 et
206 2839 412 2920 corruptioni
429 2845 547 2900 nostras
561 2837 703 2920 ampiids
721 2839 928 2902 renudan‘dm.

79 2919 164 2986 XV.
189 2919 327 3004 Triplex
353 2929 403 2984 eat
428 2923 596 2985 ob'ectum
624 2925 912 3002 concupiscentie,
933 2929 1136 3012 comptam,

43 3027 117 3092 opes
146 3017 181 3071 et
207 3007 354 3084 bonor-ca
391 2943 498 3070 ttol.
516 3009 548 3070 ii.
569 3009 617 3070 16.
642 3009 829 3090 voluptates
857 3009 1036 3084 libidinem,
1057 3031 1137 3096 opos

41 3097 225 3170 avaritiam,
245 3091 382 3157 lronorcs
397 3095 611 3156 ambitionem
624 3095 722 3155 cient.
767 3091 878 3174 Hujus
896 3099 1136 3178 concupiscen-

44 3185 91 3244 tim
117 3185 152 3244 in
179 3181 241 3242 bac
258 3184 327 3242 rita
342 3187 510 3262 scaturigo
531 3199 596 3242 non
620 3181 750 3252 arescit,
771 3179 827 3240 sed
847 3179 942 3242 rivuli
965 3182 985 3244 ii
1011 3181 1136 3263 Spiritu

44 3265 163 3328 Sancto
179 3267 212 3330 in
229 3267 384 3348 regenitic
401 3265 679 3339 intercluduntur,
701 3281 742 3326 ne
758 3265 792 3326 in
804 3265 894 3326 lacta
908 3279 1047 3327 externa
1062 3285 1124 3349 pro

46 3357 207 3435 rumpant.
255 3351 450 3416 Remedium
468 3352 745 3433 concupiscentiis
757 3351 871 3411 morbo
884 3351 1075 3424 minuendo,
1087 3357 1140 3433 est

48 3435 283 3522 contemplatio
305 3440 418 3500 mortis
442 3436 577 3506 Christi.
594 3445 627 3498 et
644 3435 814 3498 meditatio
831 3445 960 3500 uostrre.
1016 3433 1140 3503 Quoad

44 3539 188 3586 amorem
212 3521 276 3584 Dei
301 3531 334 3586 ct
361 3523 500 3606 proximi
527 3541 599 3606 qum
623 3529 672 3584 est
695 3539 821 3584 sumina
843 3521 937 3602 legis,
957 3523 991 3583 in
1016 3517 1138 3584 E‘tbicl

48 3607 156 3671 nostri
171 3608 398 3690 explicamus3
420 3617 457 3672 ut
472 3617 506 3671 et
521 3611 586 3671 alic
601 3611 634 3670 in
648 3607 809 3690 decalogo
826 3615 994 3670 contenta.

88 3693 187 3758 xvi.
212 3691 292 3756 Hac
309 3695 363 3757 lex
379 3701 428 3757 est
440 3694 585 3776 perlecta
601 3713 729 3756 morum
748 3691 872 3776 regula,
895 3713 949 3755 cur
970 3711 1032 3756 nec
1047 3689 1139 3768 addi,
1222 3703 1228 3714 ·

49 3795 107 3842 uec
131 3779 264 3842 detrahi
290 3783 465 3866 quicquam
490 3779 611 3854 debet;
633 3782 745 3842 omnia
764 3781 851 3841 enirn
877 3779 985 3842 officia
1003 3779 1077 3842 Deo
1103 3783 1138 3840 et

50 3867 198 3946 proximo
223 3863 336 3928 debita
357 3865 601 3948 complectitur,
623 3883 726 3946 quum
747 3863 883 3944 diligere
906 3865 1013 3927 Deum
1041 3861 1139 3944 jubet

49 3966 141 4034 super
156 3955 281 4026 omnia,
303 3959 375 4013 toto
391 3949 491 4014 corde
506 3957 540 4013 et
556 3951 633 4011 totis
647 3951 778 4023 viribus,
800 3969 840 4010 ac
853 3951 1038 4034 proximum
1052 3953 1139 4012 sicut

50 4045 176 4102 nosmet
200 4039 298 4118 ipsos.
344 4035 455 4118 HuJ'us
480 4036 560 4118 legis
586 4053 700 4096 uerum
725 4035 855 4096 sensum
877 4036 1139 4116 depravaverant

52 4117 215 4196 Pharisaei,
251 4119 307 4184 sed
332 4121 374 4184 ab
398 4139 513 4182 eorum
541 4117 630 4184 iaicis
655 4121 770 4204 glossis
801 4119 947 4182 vindicat
975 4119 1137 4200 Christus,

53 4201 173 4271 Matth.
184 4229 214 4270 v.
227 4208 280 4286 21,
295 4211 354 4272 mc.
369 4207 423 4269 nbi
435 4205 581 4290 explicat
597 4205 701 4288 legem
712 4223 777 4268 non
789 4207 933 4286 corrigit,
949 4207 1006 4270 sed
1022 4225 1135 4272 emen·

52 4289 412 4358 datialsasiudueorum
423 4293 722 4374 interpretationes.
767 4289 934 4374 Quicquid
946 4295 1135 4376 igiturprre·

53 4378 350 4446 scribituriurcteri
360 4386 488 4446 etnoro
496 4377 710 4444 Testamenta
720 4375 763 4444 ad
774 4378 972 4463 hanclegem
985 4379 1135 4444 retertur.
